3567 5400
552 485 624 559 uu
661 484 894 585 itanum·
926 484 1010 558 vt·
1046 514 1051 521 -
1195 508 1279 580 ⁷9⁵-

268 660 431 745 Cumanam
452 665 548 747 fecere
567 663 633 735 alii,
654 667 750 727 Demo
769 685 842 727 vcro
861 663 978 726 nornine
995 662 1102 725 uittam
1119 684 1166 741 ap.
1183 664 1283 727 PauE.

265 756 305 835 X,
323 775 366 826 η,
383 776 414 831 p.
431 764 499 823 828.
543 752 650 811 Poetae
664 763 761 811 tamen
775 752 873 811 omnia
889 752 973 821 haec,
997 752 1176 827 temporibus
1192 756 1282 813 adeo.

266 856 396 915 remota,
424 842 456 901 in
477 860 569 899 vnum
591 857 695 917 cogere
718 838 819 905 licuitt
838 849 876 897 vt
897 838 1001 909 etiam,
1024 838 1122 897 reliila
1147 839 1265 899 omnino

268 927 472 991 defunctorum
493 924 682 993 euocatione,
706 927 744 984 ad
758 923 895 999 Delphici
911 924 1020 987 oraculi
1037 926 1205 1001 exemplum
1221 924 1266 985 si-

269 1002 379 1094 byllina
391 1002 493 1089 lempli
504 1010 680 1071 sacerdotem
692 1023 721 1071 et
731 1022 829 1071 vatem
841 1010 1035 1071 constitueret.
1068 1010 1150 1097 Qpid
1158 1014 1169 1091 t
1186 999 1269 1087 quod'
1276 996 1287 1011 ⁴

268 1110 420 1181 praeterea
432 1096 518 1159 tertia
530 1099 626 1173 aliqua
638 1097 767 1170 muneris
780 1110 863 1173 parte
877 1116 941 1157 eam
956 1096 1106 1174 impertiit,
1130 1100 1202 1156 dum
1221 1100 1266 1157 lu·

269 1209 306 1248 eo
324 1187 401 1245 circa
415 1187 585 1254 Auernum,
608 1202 697 1259 quem
714 1183 836 1243 Triuiae
853 1184 978 1255 dixerat,
1002 1196 1063 1243 tutu
1079 1180 1131 1261 ipsi
1147 1162 1284 1254 Auerno

270 1286 302 1335 et
314 1272 406 1333 aditui
417 1272 455 1330 ad
470 1274 533 1331 loca
547 1268 638 1331 infera
653 1290 717 1332 earn
730 1270 880 1345 praefecit,
895 1270 936 1330 ita
948 1282 981 1330 vt
993 1290 1047 1347 pro
1062 1273 1137 1329 duce
1151 1268 1268 1329 descen·

269 1358 317 1423 lus
334 1360 370 1417 ad
393 1376 426 1417 ea
439 1360 503 1417 loca
517 1354 569 1416 effe
585 1356 675 1433 pollet
691 1356 807 1420 Aeneae
822 1377 854 1418 v.
869 1374 936 1431 109.
958 1368 1069 1433 117.118
1089 1366 1118 1415 et
1133 1362 1195 1431 564
1210 1360 1270 1429 sed.

269 1470 313 1506 me
327 1467 405 1523 quom
419 1449 484 1502 lucis
496 1448 596 1502 Hecate
609 1448 744 1519 proderit
755 1450 888 1511 Auernis,
909 1449 971 1519 Ipsa
985 1448 1061 1500 deum
1068 1464 1172 1519 poenas
1183 1448 1272 1501 duait
1286 1476 1290 1485 ·

233 1528 236 1536 ’
262 1555 369 1615 perque
384 1537 472 1589 omnio
485 1534 573 1589 duxit.
610 1528 749 1589 Constans
765 1529 862 1591 saltem
879 1544 941 1590 erat
951 1530 983 1590 in
995 1527 1073 1589 ltalia
1088 1540 1188 1591 vetere
1203 1548 1269 1589 nar·

269 1619 348 1681 ratio
366 1619 404 1677 de
424 1616 535 1694 Sibylla
555 1616 704 1688 Cumana,
727 1630 757 1677 et
775 1615 910 1693 θάλαμος
930 1614 1072 1693 κατάγεις
1088 1616 1148 1675 eius
1167 1616 1289 1684 euntis„

228 1733 232 1743 ¹
269 1705 495 1774 monstrabatur,
510 1704 541 1763 h.
555 1722 580 1762 e.
597 1716 725 1774 antrum,
741 1706 823 1794 quod
833 1725 887 1781 pro
901 1705 991 1763 domo
1004 1700 1110 1773 fuerat,
1126 1698 1279 1779 appui&

270 1791 437 1870 de'ntirab.
452 1790 555 1851 Audit.
574 1791 596 1849 1.
614 1788 654 1860 c„
675 1790 729 1851 vbi
749 1803 778 1851 et
798 1808 906 1850 nomen
935 1790 995 1850 eius
1020 1786 1130 1849 edittun
1151 1792 1188 1851 ab
1207 1788 1272 1851 altis

270 1874 475 1940 lllelachraena
485 1876 505 1938 i
516 1873 734 1965 μελᾰχχλαινα.
757 1876 913 1955 Hydram,
930 1874 951 1935 s.
964 1894 1081 1946 urnam,
1094 1874 1128 1965 in
1140 1896 1198 1954 qua
1209 1874 1273 1939 eius
1287 1864 1291 1875 ⁸

271 1966 333 2027 olla
355 1958 473 2049 ionalita
496 1962 608 2036 effent,‚
637 1959 777 2025 seruatam
802 1963 904 2025 Cumis
927 1962 960 2023 in
982 1960 1125 2041 Apollinis
1148 1960 1294 2043 tempto..

273 2063 419 2114 memorat
436 2053 458 2109 1.
474 2070 501 2109 t.
523 2046 688 2110 Pausanias.
1289 2044 1292 2052 '
1344 2058 1351 2071 ·

499 2188 510 2199 ’
613 2191 864 2258 EXCVRSVS
893 2192 940 2256 Vl

556 2302 742 2379 Romus
782 2324 995 2374 aureus.

323 2428 373 2499 Vl,
389 2435 439 2500 136
453 2426 514 2507 sqq.
529 2427 613 2491 Rami
623 2428 709 2495 liniue
722 2428 802 2487 aurei
813 2428 918 2487 caullas
930 2428 1040 2498 variar,
1055 2427 1188 2506 mysticas
1201 2451 1276 2509 qoo-

271 2534 358 2591 que,
381 2529 496 2577 veteres
514 2526 543 2576 et
555 2514 732 2575 recentiores
750 2515 962 2595 excogitarunt.
986 2536 1016 2577 v.
1034 2516 1202 2576 Seruianam
1221 2538 1275 2579 un·

274 2614 340 2663 tarn
353 2603 391 2660 ad
405 2602 436 2660 li.
444 2604 465 2661 l.
501 2602 608 2663 Metalli
621 2602 753 2663 mutandi
765 2599 891 2662 rationes
908 2599 955 2659 hic
970 2601 1133 2678 quaesiuere
1149 2608 1276 2664 nonnul·

274 2689 321 2761 li,
343 2688 512 2750 Borrichius
527 2688 630 2759 etalii,
650 2688 727 2750 inter
738 2709 812 2766 quos
826 2687 987 2751 Wedeliua
1001 2709 1017 2748 a
1031 2691 1199 2754 Brumanno
1211 2693 1275 2752 lau·

275 2779 378 2838 datur.
422 2778 516 2858 Xporie‘
530 2771 775 2852 ’ὄζοςὲ-ἆδῶμας,
792 2774 845 2852 qui
858 2775 889 2834 in
908 2775 1034 2835 Timaeo
1049 2778 1177 2838 Platonis
1194 2785 1296 2859 (pag.

276 2868 361 2924 1066
376 2865 411 2922 Β.
428 2866 476 2922 ed.
489 2861 565 2935 Frf.)
582 2875 769 2931 memoratur,
791 2875 892 2940 poetae
910 2865 947 2922 ad
964 2865 1049 2921 talem
1063 2864 1108 2922 rei
1120 2864 1302 2944 imaginem:

276 2949 355 3012 nitu't
373 2949 506 3025 prodelle
522 2949 632 3026 potuit:
655 2967 694 3008 cx
713 2967 788 3024 aqua
807 2947 979 3008 conueniata
1001 2952 1113 3010 metalla
1135 2965 1164 3010 et
1182 2952 1278 3028 primo

272 3040 349 3105 loco
368 3056 492 3105 aurum,
515 3047 577 3097 turn
593 3037 794 3105 adamantem,
815 3056 905 3112 porro
926 3056 974 3094 aer
985 3075 995 3104 ,
1018 3047 1080 3096 tntn
1096 3051 1210 3098 caetera
1229 3056 1280 3118 gc·

204 3148 205 3163 ¹
275 3143 353 3183 nera
369 3119 782 3197 concinatam-philosophus.
817 3119 970 3182 ADianae
982 3122 1119 3182 Aricinae
1132 3123 1217 3184 lactis
1232 3145 1280 3184 rea

273 3210 424 3286 repetitur
436 3211 513 3283 apud
527 3209 674 3280 Seruium,
689 3219 755 3268 ante
769 3206 853 3270 cuius
866 3211 1008 3287 templum
1020 3209 1099 3270 fuiffe
1114 3216 1203 3273 arbor
1215 3231 1283 3271 nar-
1296 3249 1302 3268 t

204 3322 205 3329 ¹
274 3310 381 3365 ratur,
404 3299 484 3356 vnde
505 3293 525 3354 lt
543 3293 684 3374 lugitima
706 3291 840 3370 potuiffet
860 3315 974 3354 ramum
992 3298 1168 3374 decerpere,
1189 3296 1281 3358 lacera

275 3381 349 3444 doti
361 3402 429 3441 curn
445 3381 561 3442 homine
575 3395 705 3462 pugnare
720 3381 828 3442 neceffe
843 3381 919 3442 effet.
950 3382 1045 3444 Ritus
1062 3389 1177 3463 pugnae
1195 3385 1281 3445 notis·
1299 3411 1306 3426 ·

204 3508 205 3529 r
274 3471 384 3538 sumus,
406 3470 458 3528 vel
468 3487 508 3527 ex
523 3465 628 3529 Ouidii
640 3467 712 3527 unt.
724 3469 771 3536 111,
790 3472 847 3539 263
861 3466 925 3545 sqq.
969 3471 1058 3530 Atde
1072 3475 1177 3531 arbore
1190 3470 1308 3550 loluurp

204 3588 205 3593 ¹
276 3555 422 3618 Seruium
440 3556 553 3614 tradere
569 3553 698 3614 numini.
742 3555 806 3613 Nec
819 3567 916 3614 tamen
931 3554 964 3616 id
977 3555 1283 3634 quicquam-commu,
1300 3608 1302 3616 ,

204 3674 205 3683 ¹
275 3663 320 3704 ne
344 3660 413 3700 cum
432 3641 626 3704 Auernalibus
641 3641 715 3703 tocie
731 3652 760 3699 et
773 3661 855 3702 ramo
871 3661 959 3702 aureo
974 3641 1163 3720 Prolerpinue
1178 3643 1310 3704 habere·n

273 3731 415 3792 videtur.
459 3729 565 3788 Latere
580 3727 692 3802 aliquid
707 3729 837 3788 occultae
852 3727 1002 3808 religionis
1018 3749 1057 3790 ex
1068 3729 1284 3791 intrumenti-
1305 3737 1310 3747 '

275 3817 363 3886 niis,
385 3813 487 3874 licum
501 3815 707 3876 Warburtono
725 3813 988 3886 coniectarevelit,
1009 3814 1108 3877 saltem
1122 3821 1159 3877 ud
1173 3816 1307 3878 sacrum·

275 3921 413 3971 ramum,
437 3900 631 3977 quem'mylla
644 3897 783 3976 praefert,
805 3912 856 3961 aut
870 3905 907 3960 ad
921 3919 1034 3966 ramum
1047 3905 1203 3974 lustralem,
1225 3925 1312 3984 cong

204 4032 205 4059 ;
274 3994 320 4051 ad
337 4001 483 4064 myrteam
500 3985 757 4075 coronamlrelerri
772 4003 818 4045 res
836 3989 938 4056 debet3
955 4007 1034 4058 narn,
1048 3991 1101 4050 vbi
1116 3993 1153 4050 ad
1168 3989 1285 4050 Proser·

274 4079 372 4157 pinae
386 4074 507 4132 domum
520 4074 632 4132 accellit
640 4073 788 4144 silenem
803 4093 898 4148 eorpus
911 4081 1008 4133 recenti
1022 4081 1136 4151 spargit
1151 4083 1223 4152 apua
1235 4099 1289 4134 ro·

272 4182 407 4237 mumque
419 4165 531 4233 aduerso
548 4165 578 4218 ἐκ
595 4164 684 4218 lirum
694 4165 761 4232 figit
779 4179 811 4218 v.
827 4165 893 4230 635.
909 4164 981 4232 636,
997 4171 1031 4220 vl
1043 4161 1176 4238 suspicati
1189 4163 1288 4232 liccat,
1337 4193 1342 4201 ·

274 4253 321 4310 ad
333 4245 533 4306 lustrationem
543 4245 577 4305 in
588 4243 810 4320 ficriadeorum
824 4241 984 4306 inferorum
999 4259 1028 4309 et
1038 4249 1168 4309 Manium
1179 4247 1287 4319 laena·

204 4382 206 4405 s
273 4336 361 4420 dam
373 4353 442 4394 cum
457 4329 618 4416 respexill'c.
663 4330 836 4408 Enimuero,
856 4352 938 4392 ramo
956 4335 1063 4397 eodem
1078 4355 1166 4396 aureo
1185 4354 1290 4410 aquam
1310 4398 1313 4412 ⁴

366 4427 373 4436 ’
1169 4419 1291 4499 sparsam
