3567 5400
431 511 458 566 ·.
494 492 801 570 sanamus
837 488 947 568 mm
977 491 1060 570 111·
1190 521 1264 608 ³⁷9
1327 471 1331 490 '

271 685 416 759 insanam
429 700 549 759 vatem
566 682 730 778 adspicies
742 700 761 752 :¹
784 705 873 779 quae
890 705 975 778 rupe
991 682 1051 754 sub
1068 686 1137 758 ima

273 804 346 876 Fata
363 805 472 889 canit,
503 801 664 897 soliisque
680 818 777 871 notas
796 818 831 871 et
846 803 987 915 nomina
1003 803 1151 876 mandat.
1230 857 1235 862 -

276 923 523 1022 Quaecumque
540 921 577 990 in
593 917 682 990 soliis
700 916 868 1012 descripfit
883 921 1031 990 carmina
1047 923 1156 1020 virgo,
1272 945 1346 1018 445

274 1038 398 1138 Digerit
411 1040 448 1110 sn
462 1061 664 1120 numemm,
695 1055 798 1132 atque
815 1052 909 1106 anno
925 1035 1048 1108 seclusa
1063 1042 1234 1138 relinquit.

275 1156 328 1227 illa
343 1172 486 1228 manent
498 1158 628 1226 inmuta
641 1155 748 1238 locis,
778 1175 895 1249 neque
913 1155 957 1226 ab
976 1156 1091 1227 ordine
1110 1160 1247 1232 cedunt.

274 1275 397 1345 Verum
416 1273 559 1358 eadem,
589 1270 685 1344 verso
702 1273 813 1342 tenuis
830 1295 940 1366 quum
955 1273 1090 1345 cardine
1107 1295 1233 1349 ventus

274 1389 412 1486 Inpulit,
444 1406 479 1462 et
494 1410 627 1462 teneras
644 1389 790 1460 turbauit
806 1389 908 1458 ianua
928 1385 1068 1474 frondis,
1181 1411 1183 1418 ·

274 1507 468 1604 Numquam
484 1508 609 1580 deinde
625 1531 711 1579 cauo
724 1506 901 1579 volitantia
915 1508 1081 1602 prendere
1098 1505 1187 1596 saxo,
1273 1534 1348 1607 450

274 1625 342 1697 Nec
357 1647 516 1731 reuopare
533 1625 634 1710 situs,
665 1641 725 1694 aut
738 1625 881 1722 iungere
899 1625 1047 1695 carmina
1064 1644 1168 1708 curat.¹

274 1740 444 1817 inconsulti
460 1745 600 1830 abeunt,
629 1739 815 1839 sedemque
831 1741 933 1815 odere
952 1731 1115 1839 Sibyllae.

1196 1863 1264 1936 Hic

274 2016 378 2123 nimii
379 2016 395 2064 ³
414 2000 874 2138 Qffliffffissiiuffli
880 2002 1050 2144 iiiii?
1079 2004 1267 2140 [κὲᾔῆιὲῘῖἷῖ

275 2137 364 2191 tiene.
393 2144 514 2204 seruaja
524 2141 689 2190 Exnssurm.
729 2145 827 2202 reliquit
843 2141 925 2208 vulgo
940 2151 999 2190 ante
1017 2140 1177 2192 Heinseum
1193 2157 1265 2210 parte

276 2209 348 2260 codd
417 2215 585 2276 mmm
595 2210 741 2273 pnliamb.
774 2211 959 2276 ocutoMeuag.
972 2226 1012 2275 pr.
1084 2225 1140 2278 449
1153 2219 1266 2264 mauron

271 2281 368 2336 fiamine
378 2277 509 2343 ingeniose
521 2279 589 2330 coni.
601 2281 638 2328 lo.
651 2278 786 2331 Schrader.
798 2280 827 2328 in
841 2279 962 2330 Sthedir.
1026 2292 1081 2348 450
1093 2285 1160 2343 sm
1171 2283 1267 2334 Medio.

308 2360 352 2415 451
367 2363 407 2396 nec
417 2353 516 2407 iungere
529 2347 633 2400 zulich.
660 2352 888 2481 ἐῗιῒιὲιαέιςξιοη
900 2348 961 2396 duo.
1038 2361 1090 2418 452
1107 2357 1232 2412 aedemque

275 2533 384 2614 Argon.
407 2552 461 2608 1131
484 2536 605 2608 uereri
626 2529 656 2597 dl
676 2529 740 2616 πὰρ’
797 2531 917 2604 fautore,
939 2531 1065 2606 insania,
1088 2547 1190 2598 vatum
1205 2535 1266 2616 agie

273 2617 404 2692 izimo
440 2631 577 2698 ποταμοῖο
611 2616 741 2703 Δίνδμα,
798 2631 857 2680 tur.
901 2625 1025 2696 rupesub
1038 2628 1105 2690 ima,
1126 2623 1157 2682 in
1170 2635 1289 2694 antro,¹

276 2710 370 2769 malim
392 2708 553 2789 intelligere
577 2708 688 2768 arbusta
708 2707 741 2767 in
798 2728 871 2769 mox
894 2726 959 2784 450
982 2730 1046 2767 cano
1063 2718 1143 2785 saxo.
1181 2728 1269 2779 notas,

276 2795 352 2871 ripa,
372 2795 549 2857 Acherontis
562 2794 679 2873 strepitu
691 2812 740 2854 re·
797 2795 915 2865 literas,
955 2809 984 2856 et
1005 2803 1127 2866 nomina,
1164 2802 1282 2869 verba,

276 2878 422 2957 sonantia).
448 2886 513 2943 Hoc
526 2881 637 2953 malim,
654 2901 742 2959 quam
798 2885 931 2958 adeoque
966 2885 1047 2961 quod
1082 2884 1115 2944 in
1153 2882 1270 2965 vulgari

278 2968 383 3041 dicere,
405 2982 521 3047 poetam
535 2972 687 3030 Auernum
699 2971 741 3027 la·
798 2968 950 3037 sermone,
987 2975 1071 3027 uerba
1091 2977 1196 3043 scribit.
1228 2970 1267 3033 cs.

279 3073 365 3126 eum,
410 3053 504 3133 qualis
547 3074 625 3115 nunc
667 3064 757 3137 erat,
801 3054 911 3134 Georg.
934 3055 1057 3129 lsl,158.
1102 3059 1148 3117 De
1173 3080 1204 3119 re
1230 3057 1267 3119 cs.

278 3141 508 3217 repraesentasse,
542 3143 741 3202 continuatum
799 3144 888 3202 adv.
914 3158 988 3219 457.

279 3246 343 3287 curn
356 3230 508 3299 Lucrino,
531 3240 561 3287 et
578 3226 669 3288 infuso
688 3248 742 3303 per
843 3243 1040 3304 445-452.
1057 3236 1165 3303 Digerit
1178 3236 1206 3289 in
1219 3256 1286 3303 nur,

279 3315 359 3374 hrains
393 3315 493 3374 fauces
527 3315 615 3383 mari3
660 3318 741 3374 vnde
797 3336 915 3381 mmm,
938 3316 1071 3385 ordinat,
1094 3318 1222 3393 disponit
1239 3318 1268 3377 in

281 3400 384 3481 Georg.
397 3404 434 3473 11,
449 3404 499 3470 163
513 3406 583 3459 luta
598 3423 651 3477 qua
659 3418 741 3477 pomo
799 3399 953 3471 ordinem,
977 3414 1013 3463 vt
1038 3406 1112 3463 bene
1138 3404 1269 3473 Seruius,

279 3484 358 3565 longe
372 3486 452 3547 sonat
466 3494 540 3545 uncta
553 3494 652 3559 retuso,
677 3498 743 3563 rpr·
803 3500 832 3547 et
855 3501 890 3547 vt
913 3500 991 3563 patet
1013 3510 1042 3549 v.
1061 3506 1150 3566 447,
1184 3503 1271 3567 atque

279 3578 416 3650 rhenusque
420 3580 509 3646 fretis
521 3581 678 3631 itnrm'ttitnr
686 3582 742 3647 aes-
801 3584 884 3633 antro
901 3574 1032 3634 includit.
1067 3594 1158 3635 ventus
1171 3584 1271 3643 tramite

281 3672 320 3714 tus
337 3668 460 3719 Auernis.
482 3682 513 3721 v.
527 3660 569 3721 ibi
586 3674 646 3719 not.
698 3667 741 3717 di·
802 3674 887 3720 ornat
911 3661 1079 3735 epitheton,
1117 3675 1270 3732 enatura,

281 3750 347 3803 ainos
359 3761 456 3807 autem
471 3754 546 3805 lacus
561 3748 609 3807 vel
624 3746 742 3806 omnino
800 3760 891 3822 puto,
913 3748 996 3805 venti
1011 3746 1151 3817 sumtum,
1175 3748 1271 3808 saltem

280 3826 388 3903 sacros,
434 3832 634 3901 consecratos,
676 3850 743 3892 cum·
800 3836 858 3893 hoc
875 3832 991 3912 dignius
1006 3829 1111 3908 'poeta,
1136 3855 1222 3911 quam
1237 3846 1272 3893 vt

282 3915 398 3988 Samio,
422 3920 547 3996 accipies
555 3921 567 3989 ',
590 3921 639 3977 vel
653 3938 742 3995 prop·
800 3918 850 3979 stt:
884 3918 974 3979 livel
993 3938 1096 3994 parum
1118 3922 1198 3981 venti
1214 3922 1270 3980 im·

281 4011 323 4059 ter
347 4006 474 4064 vicinam
499 4006 637 4081 Sibyllam
667 4004 742 4064 diui·
802 4006 915 4066 missum
935 4004 1031 4065 suerit.
1076 4014 1160 4067 ianua
1181 4020 1271 4077 mota,

282 4106 473 4158 namrateme
496 4112 568 4151 mox
584 4109 649 4166 443
671 4100 742 4164 ispa·
803 4105 939 4168 motaque
957 4112 1023 4151 oum
1042 4092 1111 4168 ipsa,
1134 4114 1212 4155 aura.
1235 4100 1273 4166 fi,

281 4196 357 4239 nam,
391 4177 603 4253 ἰγθεσιᾶζκσαν,
645 4181 745 4248 silam,
803 4194 845 4237 tna
869 4177 976 4252 postus
1005 4192 1033 4237 et
1052 4182 1169 4242 ordines
1187 4180 1271 4240 solio·

280 4264 359 4332 quod
378 4261 488 4339 semper
508 4263 744 4335 substituendum,
803 4285 890 4332 rum,
914 4282 1055 4339 reponere
1075 4288 1108 4326 ea
1121 4268 1152 4326 in
1169 4264 1215 4325 sna
1229 4269 1274 4325 lo·

281 4344 409 4409 msemet
420 4357 603 4423 moneamus,
626 4371 693 4412 cum
708 4352 745 4413 de
804 4370 848 4419 ca,
881 4357 1016 4427 inemtas·
1023 4352 1078 4414 lul.
1088 4355 1194 4433 quibus
1205 4372 1274 4411 ron·

1159 4437 1276 4509 fultum,
