<?xml version="1.0" encoding="UTF-8"?>
<!DOCTYPE html PUBLIC "-//W3C//DTD XHTML 1.0 Transitional//EN"
    "http://www.w3.org/TR/xhtml1/DTD/xhtml1-transitional.dtd">
<html xmlns="http://www.w3.org/1999/xhtml" xml:lang="en" lang="en">
 <head>
  <title>
</title>
<meta http-equiv="Content-Type" content="text/html;charset=utf-8" />
  <meta name='ocr-system' content='tesseract 3.04.00' />
  <meta name='ocr-capabilities' content='ocr_page ocr_carea ocr_par ocr_line ocrx_word'/>
</head>
<body>
  <div class='ocr_page' id='page_1' title='image "./pvirgiliimaroni13virggoog_0220.png"; bbox 0 0 3567 5400; ppageno 0'>
   <div class='ocr_carea' id='block_1_1' title="bbox 518 529 1272 654">
    <p class='ocr_par' dir='ltr' id='par_1_1' title="bbox 518 529 1272 654">
     <span class='ocr_line' id='line_1_1' title="bbox 518 529 1272 654; baseline 0.008 -38"><span class='ocrx_word' id='word_1_1' title='bbox 518 559 623 654; x_wconf 60' lang='lat' dir='ltr'><strong>ne</strong></span> <span class='ocrx_word' id='word_1_2' title='bbox 784 529 1116 615; x_wconf 81' lang='lat' dir='ltr'><strong>uxcvnsvs</strong></span> <span class='ocrx_word' id='word_1_3' title='bbox 1154 533 1272 622; x_wconf 83' lang='lat' dir='ltr'><strong>v1·1·.&#39;</strong></span> 
     </span>
    </p>
   </div>
   <div class='ocr_carea' id='block_1_2' title="bbox 778 691 1217 890">
    <p class='ocr_par' dir='ltr' id='par_1_2' title="bbox 778 691 1217 890">
     <span class='ocr_line' id='line_1_2' title="bbox 778 691 1217 780; baseline 0.014 -8"><span class='ocrx_word' id='word_1_4' title='bbox 778 764 784 772; x_wconf 87' lang='lat'><strong>.</strong></span> <span class='ocrx_word' id='word_1_5' title='bbox 836 691 1092 780; x_wconf 77' lang='lat' dir='ltr'><strong>cxcvasvs</strong></span> <span class='ocrx_word' id='word_1_6' title='bbox 1123 715 1217 780; x_wconf 72' lang='lat' dir='ltr'><strong>vu*</strong></span> 
     </span>
     <span class='ocr_line' id='line_1_3' title="bbox 890 809 1155 890; baseline -0.016 -4"><span class='ocrx_word' id='word_1_7' title='bbox 890 811 950 886; x_wconf 85' lang='lat' dir='ltr'><strong>De</strong></span> <span class='ocrx_word' id='word_1_8' title='bbox 977 809 1155 890; x_wconf 67' lang='lat' dir='ltr'><strong>Anemosa.</strong></span> 
     </span>
    </p>
   </div>
   <div class='ocr_carea' id='block_1_3' title="bbox 425 929 1581 4392">
    <p class='ocr_par' dir='ltr' id='par_1_3' title="bbox 468 929 1581 1443">
     <span class='ocr_line' id='line_1_4' title="bbox 535 929 1532 1014; baseline 0 -17"><span class='ocrx_word' id='word_1_9' title='bbox 535 935 591 1005; x_wconf 85' lang='lat' dir='ltr'><strong>·l,</strong></span> <span class='ocrx_word' id='word_1_10' title='bbox 608 953 675 1009; x_wconf 79' lang='lat'><strong>242</strong></span> <span class='ocrx_word' id='word_1_11' title='bbox 689 929 753 1012; x_wconf 83' lang='lat' dir='ltr'><strong>sqq</strong></span> <span class='ocrx_word' id='word_1_12' title='bbox 775 941 896 994; x_wconf 71' lang='lat' dir='ltr'><strong>Artem</strong></span> <span class='ocrx_word' id='word_1_13' title='bbox 905 941 1013 1010; x_wconf 76' lang='lat' dir='ltr'><strong>potast,</strong></span> <span class='ocrx_word' id='word_1_14' title='bbox 1041 941 1136 994; x_wconf 77' lang='lat' dir='ltr'><strong>madiis</strong></span> <span class='ocrx_word' id='word_1_15' title='bbox 1158 939 1263 1010; x_wconf 77' lang='lat' dir='ltr'><strong>elapsas</strong></span> <span class='ocrx_word' id='word_1_16' title='bbox 1277 933 1402 1004; x_wconf 58' lang='lat' dir='ltr'><strong>Aliost,</strong></span> <span class='ocrx_word' id='word_1_17' title='bbox 1435 935 1532 1014; x_wconf 69' lang='lat' dir='ltr'><strong>myri-¹</strong></span> 
     </span>
     <span class='ocr_line' id='line_1_5' title="bbox 468 1007 1581 1100; baseline -0.001 -17"><span class='ocrx_word' id='word_1_18' title='bbox 468 1028 475 1062; x_wconf 69' lang='lat' dir='ltr'><strong>l</strong></span> <span class='ocrx_word' id='word_1_19' title='bbox 522 1048 567 1084; x_wconf 80' lang='lat' dir='ltr'><strong>eos</strong></span> <span class='ocrx_word' id='word_1_20' title='bbox 576 1039 725 1098; x_wconf 78' lang='lat' dir='ltr'><strong>puaetrara</strong></span> <span class='ocrx_word' id='word_1_21' title='bbox 742 1028 815 1094; x_wconf 80' lang='lat' dir='ltr'><strong>finus</strong></span> <span class='ocrx_word' id='word_1_22' title='bbox 838 1036 919 1097; x_wconf 82' lang='lat' dir='ltr'><strong>atque</strong></span> <span class='ocrx_word' id='word_1_23' title='bbox 939 1026 1037 1080; x_wconf 76' lang='lat' dir='ltr'><strong>r&#39;srtr&#39;ma</strong></span> <span class='ocrx_word' id='word_1_24' title='bbox 1060 1037 1133 1080; x_wconf 81' lang='lat' dir='ltr'><strong>tutus</strong></span> <span class='ocrx_word' id='word_1_25' title='bbox 1156 1028 1250 1100; x_wconf 68' lang='lat' dir='ltr'><strong>Regna</strong></span> <span class='ocrx_word' id='word_1_26' title='bbox 1273 1007 1534 1092; x_wconf 62' lang='lat' dir='ltr'><strong>liberaremus</strong></span> <span class='ocrx_word' id='word_1_27' title='bbox 1580 1061 1581 1066; x_wconf 65' lang='lat'><em>=</em></span> 
     </span>
     <span class='ocr_line' id='line_1_6' title="bbox 515 1111 1532 1186; baseline 0 -18"><span class='ocrx_word' id='word_1_28' title='bbox 515 1115 622 1186; x_wconf 68' lang='lat' dir='ltr'><strong>sorerem</strong></span> <span class='ocrx_word' id='word_1_29' title='bbox 630 1117 764 1183; x_wconf 74' lang='lat' dir='ltr'><strong>superare</strong></span> <span class='ocrx_word' id='word_1_30' title='bbox 785 1114 909 1168; x_wconf 69' lang='lat' dir='ltr'><strong>Timaui:</strong></span> <span class='ocrx_word' id='word_1_31' title='bbox 941 1111 1016 1167; x_wconf 75' lang='lat' dir='ltr'><strong>Vnde</strong></span> <span class='ocrx_word' id='word_1_32' title='bbox 1028 1129 1080 1182; x_wconf 78' lang='lat' dir='ltr'><strong>per</strong></span> <span class='ocrx_word' id='word_1_33' title='bbox 1095 1129 1147 1167; x_wconf 80' lang='lat' dir='ltr'><strong>ora</strong></span> <span class='ocrx_word' id='word_1_34' title='bbox 1162 1129 1269 1176; x_wconf 74' lang='lat' dir='ltr'><strong>suum,</strong></span> <span class='ocrx_word' id='word_1_35' title='bbox 1291 1115 1364 1178; x_wconf 78' lang='lat' dir='ltr'><strong>uasto</strong></span> <span class='ocrx_word' id='word_1_36' title='bbox 1378 1131 1435 1166; x_wconf 74' lang='lat' dir='ltr'><strong>ersa</strong></span> <span class='ocrx_word' id='word_1_37' title='bbox 1451 1133 1532 1168; x_wconf 74' lang='lat' dir='ltr'><strong>mar·</strong></span> 
     </span>
     <span class='ocr_line' id='line_1_7' title="bbox 525 1198 1535 1272; baseline -0.002 -16"><span class='ocrx_word' id='word_1_38' title='bbox 525 1202 726 1263; x_wconf 67' lang='lat' dir='ltr'><strong>nursinensis,</strong></span> <span class='ocrx_word' id='word_1_39' title='bbox 748 1198 777 1254; x_wconf 81' lang='lat' dir='ltr'><strong>le</strong></span> <span class='ocrx_word' id='word_1_40' title='bbox 790 1211 1039 1270; x_wconf 77' lang='lat' dir='ltr'><strong>mareproraptum</strong></span> <span class='ocrx_word' id='word_1_41' title='bbox 1055 1211 1081 1252; x_wconf 75' lang='lat' dir='ltr'><strong>es</strong></span> <span class='ocrx_word' id='word_1_42' title='bbox 1093 1200 1190 1270; x_wconf 71' lang='lat' dir='ltr'><strong>pelago</strong></span> <span class='ocrx_word' id='word_1_43' title='bbox 1200 1200 1305 1272; x_wconf 68' lang='lat' dir='ltr'><strong>prem</strong></span> <span class='ocrx_word' id='word_1_44' title='bbox 1320 1215 1392 1252; x_wconf 78' lang='lat' dir='ltr'><strong>arua</strong></span> <span class='ocrx_word' id='word_1_45' title='bbox 1401 1203 1535 1269; x_wconf 68' lang='lat' dir='ltr'><strong>suares-⁸</strong></span> 
     </span>
     <span class='ocr_line' id='line_1_8' title="bbox 525 1286 1530 1356; baseline -0.004 -12"><span class='ocrx_word' id='word_1_46' title='bbox 525 1291 577 1344; x_wconf 82' lang='lat' dir='ltr'><strong>lls‘e</strong></span> <span class='ocrx_word' id='word_1_47' title='bbox 593 1299 682 1340; x_wconf 78' lang='lat' dir='ltr'><strong>samm</strong></span> <span class='ocrx_word' id='word_1_48' title='bbox 695 1288 736 1338; x_wconf 79' lang='lat' dir='ltr'><strong>ille</strong></span> <span class='ocrx_word' id='word_1_49' title='bbox 751 1286 842 1338; x_wconf 73' lang='lat' dir='ltr'><strong>orbem</strong></span> <span class='ocrx_word' id='word_1_50' title='bbox 855 1287 970 1340; x_wconf 74' lang='lat' dir='ltr'><strong>Perae!</strong></span> <span class='ocrx_word' id='word_1_51' title='bbox 975 1287 1101 1356; x_wconf 79' lang='lat' dir='ltr'><strong>sedesque</strong></span> <span class='ocrx_word' id='word_1_52' title='bbox 1113 1288 1211 1340; x_wconf 79' lang='lat' dir='ltr'><strong>loram</strong></span> <span class='ocrx_word' id='word_1_53' title='bbox 1241 1289 1406 1348; x_wconf 75' lang='lat' dir='ltr'><strong>Teucrorum,</strong></span> <span class='ocrx_word' id='word_1_54' title='bbox 1422 1297 1530 1356; x_wconf 73' lang='lat' dir='ltr'><strong>regen·</strong></span> 
     </span>
     <span class='ocr_line' id='line_1_9' title="bbox 526 1364 1533 1489; baseline -0.004 -60"><span class='ocrx_word' id='word_1_55' title='bbox 526 1378 549 1429; x_wconf 66' lang='grc' dir='ltr'><strong>α’</strong></span> <span class='ocrx_word' id='word_1_56' title='bbox 564 1391 655 1428; x_wconf 79' lang='lat' dir='ltr'><strong>nornen</strong></span> <span class='ocrx_word' id='word_1_57' title='bbox 669 1373 760 1435; x_wconf 74' lang='lat' dir='ltr'><strong>dedis,</strong></span> <span class='ocrx_word' id='word_1_58' title='bbox 783 1386 915 1443; x_wconf 79' lang='lat' dir='ltr'><strong>armaque</strong></span> <span class='ocrx_word' id='word_1_59' title='bbox 924 1373 992 1438; x_wconf 74' lang='lat' dir='ltr'><strong>fisse</strong></span> <span class='ocrx_word' id='word_1_60' title='bbox 1014 1373 1114 1436; x_wconf 56' lang='grc' dir='ltr'><strong>Μὴ·</strong></span> <span class='ocrx_word' id='word_1_61' title='bbox 1129 1373 1315 1442; x_wconf 64' lang='lat' dir='ltr'><strong>nuncnune·</strong></span> <span class='ocrx_word' id='word_1_62' title='bbox 1330 1364 1460 1443; x_wconf 60' lang='lat' dir='ltr'><strong>carpimus</strong></span> <span class='ocrx_word' id='word_1_63' title='bbox 1470 1389 1533 1489; x_wconf 73' lang='lat' dir='ltr'><strong>pta·¹</strong></span> 
     </span>
    </p>

    <p class='ocr_par' dir='ltr' id='par_1_4' title="bbox 425 1459 788 1530">
     <span class='ocr_line' id='line_1_10' title="bbox 425 1459 788 1530; baseline -0.003 -19"><span class='ocrx_word' id='word_1_64' title='bbox 425 1460 429 1468; x_wconf 86' lang='lat'><em>&#39;</em></span> <span class='ocrx_word' id='word_1_65' title='bbox 524 1475 554 1516; x_wconf 76' lang='lat' dir='ltr'><strong>ea</strong></span> <span class='ocrx_word' id='word_1_66' title='bbox 571 1459 689 1530; x_wconf 72' lang='lat' dir='ltr'><strong>quiefist.</strong></span> <span class='ocrx_word' id='word_1_67' title='bbox 779 1503 788 1517; x_wconf 82' lang='grc'><strong>.</strong></span> 
     </span>
    </p>

    <p class='ocr_par' dir='ltr' id='par_1_5' title="bbox 524 1533 1541 4392">
     <span class='ocr_line' id='line_1_11' title="bbox 568 1533 1532 1614; baseline -0.001 -14"><span class='ocrx_word' id='word_1_68' title='bbox 568 1540 639 1600; x_wconf 84' lang='lat' dir='ltr'><strong>Fuit</strong></span> <span class='ocrx_word' id='word_1_69' title='bbox 662 1539 794 1597; x_wconf 78' lang='lat' dir='ltr'><strong>Antenor</strong></span> <span class='ocrx_word' id='word_1_70' title='bbox 815 1537 893 1598; x_wconf 88' lang='lat' dir='ltr'><strong>inter</strong></span> <span class='ocrx_word' id='word_1_71' title='bbox 915 1555 987 1610; x_wconf 90' lang='lat' dir='ltr'><strong>eos,</strong></span> <span class='ocrx_word' id='word_1_72' title='bbox 1022 1533 1054 1598; x_wconf 88' lang='lat' dir='ltr'><strong>iu</strong></span> <span class='ocrx_word' id='word_1_73' title='bbox 1078 1557 1204 1614; x_wconf 89' lang='lat' dir='ltr'><strong>quorum</strong></span> <span class='ocrx_word' id='word_1_74' title='bbox 1227 1542 1315 1600; x_wconf 89' lang='lat' dir='ltr'><strong>rebus</strong></span> <span class='ocrx_word' id='word_1_75' title='bbox 1341 1538 1516 1600; x_wconf 83' lang='lat' dir='ltr'><strong>ornandis</strong></span> <span class='ocrx_word' id='word_1_76' title='bbox 1506 1535 1532 1599; x_wconf 83' lang='lat' dir='ltr'><strong>ri</strong></span> 
     </span>
     <span class='ocr_line' id='line_1_12' title="bbox 525 1621 1532 1702; baseline -0.003 -15"><span class='ocrx_word' id='word_1_77' title='bbox 525 1629 657 1688; x_wconf 82' lang='lat' dir='ltr'><strong>maxime</strong></span> <span class='ocrx_word' id='word_1_78' title='bbox 681 1623 833 1701; x_wconf 86' lang='lat' dir='ltr'><strong>scriptores</strong></span> <span class='ocrx_word' id='word_1_79' title='bbox 853 1625 1050 1702; x_wconf 85' lang='lat' dir='ltr'><strong>laborarunt,</strong></span> <span class='ocrx_word' id='word_1_80' title='bbox 1075 1625 1125 1702; x_wconf 91' lang='lat' dir='ltr'><strong>qui</strong></span> <span class='ocrx_word' id='word_1_81' title='bbox 1149 1626 1329 1687; x_wconf 71' lang='lat' dir='ltr'><strong>narrationes</strong></span> <span class='ocrx_word' id='word_1_82' title='bbox 1353 1621 1532 1686; x_wconf 76' lang='lat' dir='ltr'><strong>Homericos</strong></span> 
     </span>
     <span class='ocr_line' id='line_1_13' title="bbox 526 1709 1531 1788; baseline -0.002 -14"><span class='ocrx_word' id='word_1_83' title='bbox 526 1713 613 1774; x_wconf 90' lang='lat' dir='ltr'><strong>nouis</strong></span> <span class='ocrx_word' id='word_1_84' title='bbox 629 1712 801 1770; x_wconf 85' lang='lat' dir='ltr'><strong>commentis</strong></span> <span class='ocrx_word' id='word_1_85' title='bbox 818 1713 855 1770; x_wconf 86' lang='lat' dir='ltr'><strong>de</strong></span> <span class='ocrx_word' id='word_1_86' title='bbox 870 1709 921 1770; x_wconf 83' lang='lat' dir='ltr'><strong>luo</strong></span> <span class='ocrx_word' id='word_1_87' title='bbox 937 1724 1114 1778; x_wconf 78' lang='lat' dir='ltr'><strong>oneraruntt</strong></span> <span class='ocrx_word' id='word_1_88' title='bbox 1139 1733 1197 1788; x_wconf 85' lang='lat' dir='ltr'><strong>pon</strong></span> <span class='ocrx_word' id='word_1_89' title='bbox 1215 1715 1297 1774; x_wconf 87' lang='lat' dir='ltr'><strong>aliter</strong></span> <span class='ocrx_word' id='word_1_90' title='bbox 1313 1731 1347 1773; x_wconf 85' lang='lat' dir='ltr'><strong>ae</strong></span> <span class='ocrx_word' id='word_1_91' title='bbox 1364 1711 1531 1773; x_wconf 74' lang='lat' dir='ltr'><strong>sidetetta·</strong></span> 
     </span>
     <span class='ocr_line' id='line_1_14' title="bbox 526 1795 1532 1880; baseline -0.002 -20"><span class='ocrx_word' id='word_1_92' title='bbox 526 1803 569 1860; x_wconf 91' lang='lat' dir='ltr'><strong>tio</strong></span> <span class='ocrx_word' id='word_1_93' title='bbox 586 1821 604 1858; x_wconf 89' lang='lat' dir='ltr'><strong>a</strong></span> <span class='ocrx_word' id='word_1_94' title='bbox 620 1812 700 1857; x_wconf 89' lang='lat' dir='ltr'><strong>mere</strong></span> <span class='ocrx_word' id='word_1_95' title='bbox 718 1795 854 1856; x_wconf 82' lang='lat' dir='ltr'><strong>sabulofis</strong></span> <span class='ocrx_word' id='word_1_96' title='bbox 879 1809 909 1856; x_wconf 90' lang='lat' dir='ltr'><strong>et</strong></span> <span class='ocrx_word' id='word_1_97' title='bbox 931 1809 1039 1856; x_wconf 88' lang='lat' dir='ltr'><strong>temere</strong></span> <span class='ocrx_word' id='word_1_98' title='bbox 1060 1797 1151 1858; x_wconf 84' lang='lat' dir='ltr'><strong>elsusis</strong></span> <span class='ocrx_word' id='word_1_99' title='bbox 1167 1799 1310 1880; x_wconf 86' lang='lat' dir='ltr'><strong>tigmentis</strong></span> <span class='ocrx_word' id='word_1_100' title='bbox 1327 1797 1532 1876; x_wconf 83' lang='lat' dir='ltr'><strong>proficiscere-</strong></span> 
     </span>
     <span class='ocr_line' id='line_1_15' title="bbox 526 1883 1532 1954; baseline 0.001 -9"><span class='ocrx_word' id='word_1_101' title='bbox 526 1899 585 1946; x_wconf 89' lang='lat' dir='ltr'><strong>tur.</strong></span> <span class='ocrx_word' id='word_1_102' title='bbox 631 1883 750 1944; x_wconf 82' lang='lat' dir='ltr'>Scilicet</span> <span class='ocrx_word' id='word_1_103' title='bbox 763 1905 822 1942; x_wconf 89' lang='lat' dir='ltr'><strong>non</strong></span> <span class='ocrx_word' id='word_1_104' title='bbox 837 1887 986 1954; x_wconf 83' lang='lat' dir='ltr'><strong>tenebant,</strong></span> <span class='ocrx_word' id='word_1_105' title='bbox 1005 1884 1185 1943; x_wconf 78' lang='lat' dir='ltr'><strong>narrationes</strong></span> <span class='ocrx_word' id='word_1_106' title='bbox 1201 1887 1264 1945; x_wconf 89' lang='lat' dir='ltr'><strong>illas</strong></span> <span class='ocrx_word' id='word_1_107' title='bbox 1281 1887 1452 1946; x_wconf 84' lang='lat' dir='ltr'><strong>Homeritas</strong></span> <span class='ocrx_word' id='word_1_108' title='bbox 1467 1887 1532 1946; x_wconf 83' lang='lat' dir='ltr'><strong>fide</strong></span> 
     </span>
     <span class='ocr_line' id='line_1_16' title="bbox 528 1969 1530 2050; baseline -0.003 -17"><span class='ocrx_word' id='word_1_109' title='bbox 528 1971 693 2040; x_wconf 87' lang='lat' dir='ltr'><strong>maiorum,</strong></span> <span class='ocrx_word' id='word_1_110' title='bbox 723 1969 803 2030; x_wconf 84' lang='lat' dir='ltr'><strong>sama</strong></span> <span class='ocrx_word' id='word_1_111' title='bbox 818 1970 956 2046; x_wconf 87' lang='lat' dir='ltr'><strong>antiqua,</strong></span> <span class='ocrx_word' id='word_1_112' title='bbox 988 1983 1123 2046; x_wconf 86' lang='lat' dir='ltr'><strong>acceptas</strong></span> <span class='ocrx_word' id='word_1_113' title='bbox 1139 1991 1179 2030; x_wconf 85' lang='lat' dir='ltr'><strong>ex</strong></span> <span class='ocrx_word' id='word_1_114' title='bbox 1196 1972 1316 2050; x_wconf 82' lang='lat' dir='ltr'><strong>antiquo</strong></span> <span class='ocrx_word' id='word_1_115' title='bbox 1335 1971 1453 2050; x_wconf 85' lang='lat' dir='ltr'><strong>quidem</strong></span> <span class='ocrx_word' id='word_1_116' title='bbox 1468 1970 1530 2030; x_wconf 78' lang='lat' dir='ltr'><strong>ser·</strong></span> 
     </span>
     <span class='ocr_line' id='line_1_17' title="bbox 528 2054 1532 2136; baseline -0.001 -18"><span class='ocrx_word' id='word_1_117' title='bbox 528 2077 627 2127; x_wconf 90' lang='lat' dir='ltr'><strong>mone,</strong></span> <span class='ocrx_word' id='word_1_118' title='bbox 644 2055 754 2136; x_wconf 83' lang='lat' dir='ltr'><strong>ingenii</strong></span> <span class='ocrx_word' id='word_1_119' title='bbox 769 2057 891 2130; x_wconf 88' lang='lat' dir='ltr'><strong>impetu,</strong></span> <span class='ocrx_word' id='word_1_120' title='bbox 915 2054 1089 2136; x_wconf 87' lang='lat' dir='ltr'><strong>poeticoque</strong></span> <span class='ocrx_word' id='word_1_121' title='bbox 1107 2067 1224 2130; x_wconf 86' lang='lat' dir='ltr'><strong>ornatu,</strong></span> <span class='ocrx_word' id='word_1_122' title='bbox 1241 2057 1396 2118; x_wconf 84' lang='lat' dir='ltr'><strong>adscititios</strong></span> <span class='ocrx_word' id='word_1_123' title='bbox 1412 2059 1532 2118; x_wconf 81' lang='lat' dir='ltr'><strong>colores</strong></span> 
     </span>
     <span class='ocr_line' id='line_1_18' title="bbox 527 2142 1533 2217; baseline -0.002 -12"><span class='ocrx_word' id='word_1_124' title='bbox 527 2145 664 2213; x_wconf 77' lang='lat' dir='ltr'><strong>naxiffe,</strong></span> <span class='ocrx_word' id='word_1_125' title='bbox 688 2163 760 2202; x_wconf 81' lang='lat' dir='ltr'><strong>mort</strong></span> <span class='ocrx_word' id='word_1_126' title='bbox 776 2142 873 2201; x_wconf 89' lang='lat' dir='ltr'><strong>multis</strong></span> <span class='ocrx_word' id='word_1_127' title='bbox 890 2143 985 2202; x_wconf 88' lang='lat' dir='ltr'><strong>modis</strong></span> <span class='ocrx_word' id='word_1_128' title='bbox 1004 2156 1033 2201; x_wconf 91' lang='lat' dir='ltr'><strong>et</strong></span> <span class='ocrx_word' id='word_1_129' title='bbox 1048 2143 1144 2202; x_wconf 87' lang='lat' dir='ltr'><strong>multis</strong></span> <span class='ocrx_word' id='word_1_130' title='bbox 1161 2147 1198 2202; x_wconf 90' lang='lat' dir='ltr'><strong>de</strong></span> <span class='ocrx_word' id='word_1_131' title='bbox 1214 2147 1337 2217; x_wconf 77' lang='lat' dir='ltr'><strong>caussis,</strong></span> <span class='ocrx_word' id='word_1_132' title='bbox 1359 2157 1394 2206; x_wconf 89' lang='lat' dir='ltr'><strong>vt</strong></span> <span class='ocrx_word' id='word_1_133' title='bbox 1414 2144 1444 2204; x_wconf 88' lang='lat' dir='ltr'><strong>in</strong></span> <span class='ocrx_word' id='word_1_134' title='bbox 1468 2157 1533 2204; x_wconf 83' lang='lat' dir='ltr'><strong>tra·</strong></span> 
     </span>
     <span class='ocr_line' id='line_1_19' title="bbox 530 2227 1532 2312; baseline 0 -22"><span class='ocrx_word' id='word_1_135' title='bbox 530 2231 656 2312; x_wconf 77' lang='lat' dir='ltr'><strong>gordia,</strong></span> <span class='ocrx_word' id='word_1_136' title='bbox 680 2227 733 2288; x_wconf 90' lang='lat' dir='ltr'><strong>else</strong></span> <span class='ocrx_word' id='word_1_137' title='bbox 750 2229 888 2289; x_wconf 83' lang='lat' dir='ltr'><strong>variatas.</strong></span> <span class='ocrx_word' id='word_1_138' title='bbox 934 2228 975 2288; x_wconf 86' lang='lat' dir='ltr'><strong>At</strong></span> <span class='ocrx_word' id='word_1_139' title='bbox 994 2228 1038 2288; x_wconf 90' lang='lat' dir='ltr'><strong>illi</strong></span> <span class='ocrx_word' id='word_1_140' title='bbox 1061 2229 1212 2302; x_wconf 85' lang='lat' dir='ltr'><strong>homines,</strong></span> <span class='ocrx_word' id='word_1_141' title='bbox 1235 2231 1327 2308; x_wconf 82' lang='lat' dir='ltr'><strong>inepti</strong></span> <span class='ocrx_word' id='word_1_142' title='bbox 1343 2233 1475 2290; x_wconf 83' lang='lat' dir='ltr'><strong>rhetores</strong></span> <span class='ocrx_word' id='word_1_143' title='bbox 1499 2231 1532 2290; x_wconf 80' lang='lat' dir='ltr'><strong>et&#39;</strong></span> 
     </span>
     <span class='ocr_line' id='line_1_20' title="bbox 530 2315 1530 2398; baseline -0.001 -22"><span class='ocrx_word' id='word_1_144' title='bbox 530 2315 732 2398; x_wconf 80' lang='lat' dir='ltr'><strong>grammatici,</strong></span> <span class='ocrx_word' id='word_1_145' title='bbox 755 2317 873 2386; x_wconf 78' lang='lat' dir='ltr'><strong>laudem</strong></span> <span class='ocrx_word' id='word_1_146' title='bbox 898 2317 1078 2391; x_wconf 74' lang='lat' dir='ltr'><strong>quaerebant</strong></span> <span class='ocrx_word' id='word_1_147' title='bbox 1099 2337 1137 2375; x_wconf 85' lang='lat' dir='ltr'><strong>ex</strong></span> <span class='ocrx_word' id='word_1_148' title='bbox 1162 2335 1216 2387; x_wconf 85' lang='lat' dir='ltr'><strong>eo,</strong></span> <span class='ocrx_word' id='word_1_149' title='bbox 1239 2331 1353 2388; x_wconf 69' lang='lat' dir='ltr'><strong>utres,</strong></span> <span class='ocrx_word' id='word_1_150' title='bbox 1377 2337 1450 2396; x_wconf 86' lang='lat' dir='ltr'><strong>quas</strong></span> <span class='ocrx_word' id='word_1_151' title='bbox 1465 2317 1530 2376; x_wconf 83' lang='lat' dir='ltr'><strong>lio·</strong></span> 
     </span>
     <span class='ocr_line' id='line_1_21' title="bbox 528 2399 1534 2482; baseline -0.001 -17"><span class='ocrx_word' id='word_1_152' title='bbox 528 2423 628 2465; x_wconf 88' lang='lat' dir='ltr'><strong>merus</strong></span> <span class='ocrx_word' id='word_1_153' title='bbox 643 2401 692 2462; x_wconf 90' lang='lat' dir='ltr'><strong>seu</strong></span> <span class='ocrx_word' id='word_1_154' title='bbox 704 2399 866 2462; x_wconf 80' lang='lat' dir='ltr'><strong>summatim</strong></span> <span class='ocrx_word' id='word_1_155' title='bbox 881 2401 1066 2478; x_wconf 81' lang='lat' dir='ltr'><strong>exposuerat,</strong></span> <span class='ocrx_word' id='word_1_156' title='bbox 1089 2401 1138 2462; x_wconf 89' lang='lat' dir='ltr'><strong>seu</strong></span> <span class='ocrx_word' id='word_1_157' title='bbox 1152 2403 1269 2464; x_wconf 74' lang='lat' dir='ltr'><strong>striffim</strong></span> <span class='ocrx_word' id='word_1_158' title='bbox 1285 2416 1481 2482; x_wconf 85' lang='lat' dir='ltr'><strong>percurrerat,</strong></span> <span class='ocrx_word' id='word_1_159' title='bbox 1498 2403 1534 2464; x_wconf 84' lang='lat' dir='ltr'><strong>in</strong></span> 
     </span>
     <span class='ocr_line' id='line_1_22' title="bbox 528 2487 1533 2570; baseline -0.004 -19"><span class='ocrx_word' id='word_1_160' title='bbox 528 2490 675 2558; x_wconf 80' lang='lat' dir='ltr'><strong>historias,</strong></span> <span class='ocrx_word' id='word_1_161' title='bbox 691 2487 805 2570; x_wconf 78' lang='lat' dir='ltr'><strong>copiose</strong></span> <span class='ocrx_word' id='word_1_162' title='bbox 822 2499 852 2548; x_wconf 86' lang='lat' dir='ltr'><strong>et</strong></span> <span class='ocrx_word' id='word_1_163' title='bbox 865 2487 969 2550; x_wconf 83' lang='lat' dir='ltr'><strong>ordine</strong></span> <span class='ocrx_word' id='word_1_164' title='bbox 986 2489 1135 2566; x_wconf 79' lang='lat' dir='ltr'><strong>omnibus,</strong></span> <span class='ocrx_word' id='word_1_165' title='bbox 1160 2507 1236 2568; x_wconf 87' lang='lat' dir='ltr'><strong>quae</strong></span> <span class='ocrx_word' id='word_1_166' title='bbox 1250 2489 1426 2561; x_wconf 88' lang='lat' dir='ltr'><strong>inciderant,</strong></span> <span class='ocrx_word' id='word_1_167' title='bbox 1442 2507 1533 2549; x_wconf 75' lang='lat' dir='ltr'><strong>enar-</strong></span> 
     </span>
     <span class='ocr_line' id='line_1_23' title="bbox 529 2575 1534 2646; baseline -0.001 -9"><span class='ocrx_word' id='word_1_168' title='bbox 529 2577 623 2646; x_wconf 83' lang='lat' dir='ltr'><strong>ratis,</strong></span> <span class='ocrx_word' id='word_1_169' title='bbox 653 2587 858 2644; x_wconf 84' lang='lat' dir='ltr'><strong>conuerterent</strong></span> <span class='ocrx_word' id='word_1_170' title='bbox 880 2585 933 2634; x_wconf 84' lang='lat' dir='ltr'><strong>aut</strong></span> <span class='ocrx_word' id='word_1_171' title='bbox 955 2577 1101 2636; x_wconf 74' lang='lat' dir='ltr'><strong>clarorum</strong></span> <span class='ocrx_word' id='word_1_172' title='bbox 1118 2577 1240 2636; x_wconf 90' lang='lat' dir='ltr'><strong>heroum</strong></span> <span class='ocrx_word' id='word_1_173' title='bbox 1262 2576 1428 2636; x_wconf 88' lang='lat' dir='ltr'><strong>nominibus</strong></span> <span class='ocrx_word' id='word_1_174' title='bbox 1450 2575 1534 2636; x_wconf 73' lang='lat' dir='ltr'><strong>faeta</strong></span> 
     </span>
     <span class='ocr_line' id='line_1_24' title="bbox 531 2653 1534 2742; baseline 0 -19"><span class='ocrx_word' id='word_1_175' title='bbox 531 2677 562 2723; x_wconf 90' lang='lat' dir='ltr'><strong>et</strong></span> <span class='ocrx_word' id='word_1_176' title='bbox 575 2663 635 2723; x_wconf 88' lang='lat' dir='ltr'><strong>sata</strong></span> <span class='ocrx_word' id='word_1_177' title='bbox 651 2661 848 2721; x_wconf 86' lang='lat' dir='ltr'><strong>commentitia</strong></span> <span class='ocrx_word' id='word_1_178' title='bbox 865 2663 1054 2742; x_wconf 75' lang='lat' dir='ltr'><strong>assignarent:</strong></span> <span class='ocrx_word' id='word_1_179' title='bbox 1079 2683 1204 2740; x_wconf 67' lang='lat' dir='ltr'><strong>quomrm</strong></span> <span class='ocrx_word' id='word_1_180' title='bbox 1221 2664 1304 2736; x_wconf 89' lang='lat' dir='ltr'><strong>nibil,</strong></span> <span class='ocrx_word' id='word_1_181' title='bbox 1325 2663 1475 2730; x_wconf 81' lang='lat' dir='ltr'><strong>interdurn</strong></span> <span class='ocrx_word' id='word_1_182' title='bbox 1492 2653 1534 2723; x_wconf 77' lang='lat' dir='ltr'><strong>ue</strong></span> 
     </span>
     <span class='ocr_line' id='line_1_25' title="bbox 530 2747 1535 2829; baseline -0.005 -17"><span class='ocrx_word' id='word_1_183' title='bbox 530 2748 682 2829; x_wconf 83' lang='lat' dir='ltr'><strong>vestigium</strong></span> <span class='ocrx_word' id='word_1_184' title='bbox 698 2750 827 2825; x_wconf 86' lang='lat' dir='ltr'><strong>quidem,</strong></span> <span class='ocrx_word' id='word_1_185' title='bbox 849 2747 881 2807; x_wconf 86' lang='lat' dir='ltr'><strong>iu</strong></span> <span class='ocrx_word' id='word_1_186' title='bbox 897 2749 1109 2828; x_wconf 70' lang='lat' dir='ltr'><strong>antiquioribus</strong></span> <span class='ocrx_word' id='word_1_187' title='bbox 1127 2763 1258 2819; x_wconf 79' lang='lat' dir='ltr'><strong>extaret3</strong></span> <span class='ocrx_word' id='word_1_188' title='bbox 1283 2750 1339 2811; x_wconf 79' lang='lat' dir='ltr'><strong>alla</strong></span> <span class='ocrx_word' id='word_1_189' title='bbox 1355 2770 1394 2809; x_wconf 83' lang='lat' dir='ltr'><strong>ex</strong></span> <span class='ocrx_word' id='word_1_190' title='bbox 1407 2749 1535 2827; x_wconf 87' lang='lat' dir='ltr'><strong>Cypriis</strong></span> 
     </span>
     <span class='ocr_line' id='line_1_26' title="bbox 530 2832 1532 2916; baseline -0.002 -20"><span class='ocrx_word' id='word_1_191' title='bbox 530 2836 709 2896; x_wconf 85' lang='lat' dir='ltr'><strong>carminibus</strong></span> <span class='ocrx_word' id='word_1_192' title='bbox 727 2847 778 2893; x_wconf 91' lang='lat' dir='ltr'><strong>aut</strong></span> <span class='ocrx_word' id='word_1_193' title='bbox 792 2854 808 2893; x_wconf 90' lang='lat' dir='ltr'><strong>e</strong></span> <span class='ocrx_word' id='word_1_194' title='bbox 822 2833 952 2894; x_wconf 87' lang='lat' dir='ltr'><strong>Leseheo</strong></span> <span class='ocrx_word' id='word_1_195' title='bbox 970 2836 1092 2913; x_wconf 87' lang='lat' dir='ltr'><strong>aliisque</strong></span> <span class='ocrx_word' id='word_1_196' title='bbox 1109 2832 1202 2913; x_wconf 68' lang='lat' dir='ltr'><strong>poetis</strong></span> <span class='ocrx_word' id='word_1_197' title='bbox 1225 2837 1345 2916; x_wconf 80' lang='lat' dir='ltr'><strong>cyclicis</strong></span> <span class='ocrx_word' id='word_1_198' title='bbox 1367 2836 1532 2913; x_wconf 87' lang='lat' dir='ltr'><strong>arripuere,</strong></span> 
     </span>
     <span class='ocr_line' id='line_1_27' title="bbox 530 2921 1536 3001; baseline -0.002 -19"><span class='ocrx_word' id='word_1_199' title='bbox 530 2923 628 2982; x_wconf 85' lang='lat' dir='ltr'><strong>saltem</strong></span> <span class='ocrx_word' id='word_1_200' title='bbox 646 2941 685 2981; x_wconf 83' lang='lat' dir='ltr'><strong>ex</strong></span> <span class='ocrx_word' id='word_1_201' title='bbox 697 2922 800 2981; x_wconf 82' lang='lat' dir='ltr'><strong>riualis</strong></span> <span class='ocrx_word' id='word_1_202' title='bbox 813 2921 887 2979; x_wconf 82' lang='lat' dir='ltr'><strong>inde</strong></span> <span class='ocrx_word' id='word_1_203' title='bbox 903 2921 997 2981; x_wconf 75' lang='lat' dir='ltr'><strong>dusiis</strong></span> <span class='ocrx_word' id='word_1_204' title='bbox 1014 2921 1142 2983; x_wconf 82' lang='lat' dir='ltr'><strong>hausere.</strong></span> <span class='ocrx_word' id='word_1_205' title='bbox 1185 2926 1371 2983; x_wconf 80' lang='lat' dir='ltr'><strong>DeAntmre</strong></span> <span class='ocrx_word' id='word_1_206' title='bbox 1385 2940 1536 3001; x_wconf 81' lang='lat' dir='ltr'><strong>perpauca</strong></span> 
     </span>
     <span class='ocr_line' id='line_1_28' title="bbox 532 3007 1535 3082; baseline -0.002 -14"><span class='ocrx_word' id='word_1_207' title='bbox 532 3012 569 3068; x_wconf 91' lang='lat' dir='ltr'><strong>ab</strong></span> <span class='ocrx_word' id='word_1_208' title='bbox 584 3011 713 3067; x_wconf 84' lang='lat' dir='ltr'><strong>Homero</strong></span> <span class='ocrx_word' id='word_1_209' title='bbox 739 3018 897 3068; x_wconf 82' lang='lat' dir='ltr'><strong>memorata</strong></span> <span class='ocrx_word' id='word_1_210' title='bbox 921 3007 994 3068; x_wconf 87' lang='lat' dir='ltr'><strong>sunt.</strong></span> <span class='ocrx_word' id='word_1_211' title='bbox 1041 3008 1156 3069; x_wconf 84' lang='lat' dir='ltr'><strong>Clarior</strong></span> <span class='ocrx_word' id='word_1_212' title='bbox 1170 3011 1208 3069; x_wconf 82' lang='lat' dir='ltr'><strong>cll</strong></span> <span class='ocrx_word' id='word_1_213' title='bbox 1224 3010 1285 3070; x_wconf 84' lang='lat' dir='ltr'><strong>eius</strong></span> <span class='ocrx_word' id='word_1_214' title='bbox 1301 3030 1392 3082; x_wconf 77' lang='lat' dir='ltr'><strong>vxor,</strong></span> <span class='ocrx_word' id='word_1_215' title='bbox 1417 3015 1535 3079; x_wconf 72' lang='lat' dir='ltr'><strong>neom,</strong></span> 
     </span>
     <span class='ocr_line' id='line_1_29' title="bbox 530 3093 1535 3171; baseline -0.002 -14"><span class='ocrx_word' id='word_1_216' title='bbox 530 3096 671 3157; x_wconf 77' lang='lat' dir='ltr'><strong>Hecubae</strong></span> <span class='ocrx_word' id='word_1_217' title='bbox 688 3114 704 3152; x_wconf 91' lang='lat' dir='ltr'><strong>e</strong></span> <span class='ocrx_word' id='word_1_218' title='bbox 722 3094 816 3153; x_wconf 81' lang='lat' dir='ltr'><strong>Ciffeo</strong></span> <span class='ocrx_word' id='word_1_219' title='bbox 831 3093 923 3164; x_wconf 86' lang='lat' dir='ltr'><strong>soror,</strong></span> <span class='ocrx_word' id='word_1_220' title='bbox 946 3094 1094 3157; x_wconf 84' lang='lat' dir='ltr'><strong>Mineruae</strong></span> <span class='ocrx_word' id='word_1_221' title='bbox 1109 3096 1244 3157; x_wconf 86' lang='lat' dir='ltr'><strong>sacerdos</strong></span> <span class='ocrx_word' id='word_1_222' title='bbox 1260 3106 1304 3169; x_wconf 85' lang='lat' dir='ltr'><strong>(v.</strong></span> <span class='ocrx_word' id='word_1_223' title='bbox 1320 3098 1402 3157; x_wconf 84' lang='lat' dir='ltr'><strong>Iliad.</strong></span> <span class='ocrx_word' id='word_1_224' title='bbox 1419 3094 1446 3171; x_wconf 79' lang='grc' dir='ltr'><strong>ζ,</strong></span> <span class='ocrx_word' id='word_1_225' title='bbox 1466 3110 1535 3171; x_wconf 77' lang='lat'><strong>297</strong></span> 
     </span>
     <span class='ocr_line' id='line_1_30' title="bbox 524 3178 1534 3261; baseline -0.002 -18"><span class='ocrx_word' id='word_1_226' title='bbox 524 3181 630 3259; x_wconf 88' lang='lat' dir='ltr'><strong>&#39;sqq.)‚</strong></span> <span class='ocrx_word' id='word_1_227' title='bbox 654 3198 709 3239; x_wconf 89' lang='lat' dir='ltr'><strong>nec</strong></span> <span class='ocrx_word' id='word_1_228' title='bbox 726 3200 785 3239; x_wconf 88' lang='lat' dir='ltr'><strong>non</strong></span> <span class='ocrx_word' id='word_1_229' title='bbox 800 3181 862 3252; x_wconf 77' lang='lat' dir='ltr'><strong>filii,</strong></span> <span class='ocrx_word' id='word_1_230' title='bbox 885 3183 983 3258; x_wconf 76' lang='lat' dir='ltr'><strong>passim</strong></span> <span class='ocrx_word' id='word_1_231' title='bbox 999 3182 1029 3241; x_wconf 90' lang='lat' dir='ltr'><strong>in</strong></span> <span class='ocrx_word' id='word_1_232' title='bbox 1047 3202 1174 3261; x_wconf 79' lang='lat' dir='ltr'><strong>pugnarn</strong></span> <span class='ocrx_word' id='word_1_233' title='bbox 1189 3186 1388 3259; x_wconf 73' lang='lat' dir='ltr'><strong>prodeuntest</strong></span> <span class='ocrx_word' id='word_1_234' title='bbox 1410 3178 1468 3259; x_wconf 91' lang='lat' dir='ltr'><strong>ipse</strong></span> <span class='ocrx_word' id='word_1_235' title='bbox 1485 3182 1534 3241; x_wconf 90' lang='lat' dir='ltr'><strong>in·</strong></span> 
     </span>
     <span class='ocr_line' id='line_1_31' title="bbox 529 3262 1534 3343; baseline 0.002 -16"><span class='ocrx_word' id='word_1_236' title='bbox 529 3276 578 3327; x_wconf 85' lang='lat' dir='ltr'><strong>ter</strong></span> <span class='ocrx_word' id='word_1_237' title='bbox 592 3266 729 3336; x_wconf 79' lang='lat' dir='ltr'><strong>seniores,</strong></span> <span class='ocrx_word' id='word_1_238' title='bbox 754 3266 805 3343; x_wconf 89' lang='lat' dir='ltr'><strong>qui</strong></span> <span class='ocrx_word' id='word_1_239' title='bbox 819 3270 974 3343; x_wconf 81' lang='lat' dir='ltr'><strong>prudentia</strong></span> <span class='ocrx_word' id='word_1_240' title='bbox 992 3268 1061 3327; x_wconf 88' lang='lat' dir='ltr'><strong>alios</strong></span> <span class='ocrx_word' id='word_1_241' title='bbox 1078 3272 1302 3330; x_wconf 80' lang='lat' dir='ltr'><strong>antecellebautt</strong></span> <span class='ocrx_word' id='word_1_242' title='bbox 1325 3270 1407 3331; x_wconf 80' lang='lat' dir='ltr'><strong>iliad.</strong></span> <span class='ocrx_word' id='word_1_243' title='bbox 1416 3262 1451 3343; x_wconf 67' lang='lat' dir='ltr'><strong>r,</strong></span> <span class='ocrx_word' id='word_1_244' title='bbox 1462 3280 1534 3342; x_wconf 76' lang='lat'><strong>¹48·</strong></span> 
     </span>
     <span class='ocr_line' id='line_1_32' title="bbox 530 3352 1536 3435; baseline 0 -20"><span class='ocrx_word' id='word_1_245' title='bbox 530 3355 613 3415; x_wconf 78' lang='lat' dir='ltr'><strong>idem</strong></span> <span class='ocrx_word' id='word_1_246' title='bbox 628 3352 746 3423; x_wconf 81' lang='lat' dir='ltr'><strong>suarlet,</strong></span> <span class='ocrx_word' id='word_1_247' title='bbox 768 3367 804 3413; x_wconf 80' lang='lat' dir='ltr'><strong>vt</strong></span> <span class='ocrx_word' id='word_1_248' title='bbox 816 3356 926 3414; x_wconf 78' lang='lat' dir='ltr'><strong>Helena</strong></span> <span class='ocrx_word' id='word_1_249' title='bbox 944 3358 1101 3426; x_wconf 87' lang='lat' dir='ltr'><strong>reddatur,</strong></span> <span class='ocrx_word' id='word_1_250' title='bbox 1133 3380 1168 3428; x_wconf 79' lang='lat' dir='ltr'><strong>t,</strong></span> <span class='ocrx_word' id='word_1_251' title='bbox 1194 3374 1257 3435; x_wconf 81' lang='lat'><em>34¹!</em></span> <span class='ocrx_word' id='word_1_252' title='bbox 1274 3356 1336 3434; x_wconf 89' lang='lat' dir='ltr'><strong>sqq.</strong></span> <span class='ocrx_word' id='word_1_253' title='bbox 1360 3368 1390 3417; x_wconf 85' lang='lat' dir='ltr'><strong>et</strong></span> <span class='ocrx_word' id='word_1_254' title='bbox 1403 3354 1536 3433; x_wconf 82' lang='lat' dir='ltr'><strong>Vlylseru</strong></span> 
     </span>
     <span class='ocr_line' id='line_1_33' title="bbox 532 3441 1534 3517; baseline 0.002 -18"><span class='ocrx_word' id='word_1_255' title='bbox 532 3442 762 3510; x_wconf 74' lang='lat' dir='ltr'><strong>comblenelao,</strong></span> <span class='ocrx_word' id='word_1_256' title='bbox 785 3452 941 3517; x_wconf 85' lang='lat' dir='ltr'><strong>antequam</strong></span> <span class='ocrx_word' id='word_1_257' title='bbox 957 3462 1036 3501; x_wconf 85' lang='lat' dir='ltr'><strong>arma</strong></span> <span class='ocrx_word' id='word_1_258' title='bbox 1051 3441 1140 3502; x_wconf 86' lang='lat' dir='ltr'><strong>sumta</strong></span> <span class='ocrx_word' id='word_1_259' title='bbox 1155 3456 1255 3514; x_wconf 86' lang='lat' dir='ltr'><strong>erant,</strong></span> <span class='ocrx_word' id='word_1_260' title='bbox 1278 3447 1379 3503; x_wconf 86' lang='lat' dir='ltr'><strong>adres</strong></span> <span class='ocrx_word' id='word_1_261' title='bbox 1395 3452 1534 3517; x_wconf 73' lang='lat' dir='ltr'><strong>repeten-</strong></span> 
     </span>
     <span class='ocr_line' id='line_1_34' title="bbox 533 3526 1534 3606; baseline 0.001 -20"><span class='ocrx_word' id='word_1_262' title='bbox 533 3532 585 3586; x_wconf 87' lang='lat' dir='ltr'><strong>das</strong></span> <span class='ocrx_word' id='word_1_263' title='bbox 613 3527 739 3585; x_wconf 82' lang='lat' dir='ltr'><strong>Troiam</strong></span> <span class='ocrx_word' id='word_1_264' title='bbox 762 3528 873 3585; x_wconf 81' lang='lat' dir='ltr'><strong>missum</strong></span> <span class='ocrx_word' id='word_1_265' title='bbox 896 3526 1019 3605; x_wconf 89' lang='lat' dir='ltr'><strong>hospitio</strong></span> <span class='ocrx_word' id='word_1_266' title='bbox 1042 3541 1215 3606; x_wconf 84' lang='lat' dir='ltr'><strong>exceperat:</strong></span> <span class='ocrx_word' id='word_1_267' title='bbox 1238 3530 1319 3590; x_wconf 83' lang='lat' dir='ltr'><strong>lliad.</strong></span> <span class='ocrx_word' id='word_1_268' title='bbox 1337 3554 1367 3605; x_wconf 76' lang='lat' dir='ltr'><strong>r,</strong></span> <span class='ocrx_word' id='word_1_269' title='bbox 1391 3543 1452 3603; x_wconf 79' lang='lat'><strong>205</strong></span> <span class='ocrx_word' id='word_1_270' title='bbox 1468 3526 1534 3604; x_wconf 90' lang='lat' dir='ltr'><strong>sqq.</strong></span> 
     </span>
     <span class='ocr_line' id='line_1_35' title="bbox 531 3611 1537 3691; baseline -0.001 -16"><span class='ocrx_word' id='word_1_271' title='bbox 531 3616 598 3675; x_wconf 79' lang='lat' dir='ltr'><strong>Hoc</strong></span> <span class='ocrx_word' id='word_1_272' title='bbox 612 3624 761 3688; x_wconf 86' lang='lat' dir='ltr'><strong>tamquam</strong></span> <span class='ocrx_word' id='word_1_273' title='bbox 776 3613 868 3672; x_wconf 80' lang='lat' dir='ltr'><strong>suntlo</strong></span> <span class='ocrx_word' id='word_1_274' title='bbox 885 3611 1099 3689; x_wconf 86' lang='lat' dir='ltr'><strong>superstruxere</strong></span> <span class='ocrx_word' id='word_1_275' title='bbox 1114 3616 1289 3677; x_wconf 79' lang='lat' dir='ltr'><strong>fabulatores</strong></span> <span class='ocrx_word' id='word_1_276' title='bbox 1306 3616 1360 3688; x_wconf 90' lang='lat' dir='ltr'><strong>illi,</strong></span> <span class='ocrx_word' id='word_1_277' title='bbox 1384 3635 1400 3676; x_wconf 87' lang='lat' dir='ltr'><strong>e</strong></span> <span class='ocrx_word' id='word_1_278' title='bbox 1426 3614 1537 3691; x_wconf 85' lang='lat' dir='ltr'><strong>quibus</strong></span> 
     </span>
     <span class='ocr_line' id='line_1_36' title="bbox 531 3699 1536 3779; baseline -0.001 -19"><span class='ocrx_word' id='word_1_279' title='bbox 531 3700 744 3777; x_wconf 75' lang='lat' dir='ltr'><strong>Pseudodistps</strong></span> <span class='ocrx_word' id='word_1_280' title='bbox 762 3699 996 3761; x_wconf 83' lang='lat' dir='ltr'><strong>etPseudodares</strong></span> <span class='ocrx_word' id='word_1_281' title='bbox 1011 3704 1107 3761; x_wconf 88' lang='lat' dir='ltr'><strong>adhuc</strong></span> <span class='ocrx_word' id='word_1_282' title='bbox 1122 3702 1280 3779; x_wconf 77' lang='lat' dir='ltr'><strong>superstites</strong></span> <span class='ocrx_word' id='word_1_283' title='bbox 1294 3700 1369 3774; x_wconf 88' lang='lat' dir='ltr'><strong>sunt,</strong></span> <span class='ocrx_word' id='word_1_284' title='bbox 1379 3702 1446 3773; x_wconf 84' lang='lat' dir='ltr'><strong>alia,</strong></span> <span class='ocrx_word' id='word_1_285' title='bbox 1462 3723 1496 3763; x_wconf 89' lang='lat' dir='ltr'><strong>v.</strong></span> <span class='ocrx_word' id='word_1_286' title='bbox 1507 3720 1536 3760; x_wconf 92' lang='lat' dir='ltr'><strong>c.</strong></span> 
     </span>
     <span class='ocr_line' id='line_1_37' title="bbox 533 3787 1536 3865; baseline 0 -18"><span class='ocrx_word' id='word_1_287' title='bbox 533 3791 571 3847; x_wconf 85' lang='lat' dir='ltr'><strong>de</strong></span> <span class='ocrx_word' id='word_1_288' title='bbox 588 3787 737 3847; x_wconf 82' lang='lat' dir='ltr'><strong>Antenore</strong></span> <span class='ocrx_word' id='word_1_289' title='bbox 753 3788 1124 3865; x_wconf 83' lang='lat' dir='ltr'><strong>aLaornedonteDelpl.os</strong></span> <span class='ocrx_word' id='word_1_290' title='bbox 1142 3788 1221 3850; x_wconf 85' lang='lat' dir='ltr'><strong>millo</strong></span> <span class='ocrx_word' id='word_1_291' title='bbox 1236 3792 1333 3861; x_wconf 87' lang='lat' dir='ltr'><strong>(Seru.</strong></span> <span class='ocrx_word' id='word_1_292' title='bbox 1351 3792 1388 3849; x_wconf 90' lang='lat' dir='ltr'><strong>nd</strong></span> <span class='ocrx_word' id='word_1_293' title='bbox 1403 3790 1479 3849; x_wconf 90' lang='lat' dir='ltr'><strong>Aen.</strong></span> <span class='ocrx_word' id='word_1_294' title='bbox 1497 3788 1536 3857; x_wconf 88' lang='lat' dir='ltr'><strong>H,</strong></span> 
     </span>
     <span class='ocr_line' id='line_1_38' title="bbox 533 3873 1539 3957; baseline 0 -24"><span class='ocrx_word' id='word_1_295' title='bbox 533 3882 596 3945; x_wconf 77' lang='lat'><em>318)</em></span> <span class='ocrx_word' id='word_1_296' title='bbox 612 3873 747 3948; x_wconf 87' lang='lat' dir='ltr'><strong>inprimis</strong></span> <span class='ocrx_word' id='word_1_297' title='bbox 771 3889 842 3933; x_wconf 79' lang='lat' dir='ltr'><strong>vero</strong></span> <span class='ocrx_word' id='word_1_298' title='bbox 866 3874 992 3957; x_wconf 83' lang='lat' dir='ltr'><strong>plurima</strong></span> <span class='ocrx_word' id='word_1_299' title='bbox 1015 3876 1051 3934; x_wconf 85' lang='lat' dir='ltr'><strong>de</strong></span> <span class='ocrx_word' id='word_1_300' title='bbox 1075 3877 1240 3951; x_wconf 86' lang='lat' dir='ltr'><strong>proditione</strong></span> <span class='ocrx_word' id='word_1_301' title='bbox 1257 3878 1339 3937; x_wconf 86' lang='lat' dir='ltr'><strong>vrbis</strong></span> <span class='ocrx_word' id='word_1_302' title='bbox 1355 3879 1391 3935; x_wconf 87' lang='lat' dir='ltr'><strong>ab</strong></span> <span class='ocrx_word' id='word_1_303' title='bbox 1409 3893 1444 3936; x_wconf 87' lang='lat' dir='ltr'><strong>eo</strong></span> <span class='ocrx_word' id='word_1_304' title='bbox 1467 3888 1497 3934; x_wconf 92' lang='lat' dir='ltr'><strong>et</strong></span> <span class='ocrx_word' id='word_1_305' title='bbox 1520 3894 1539 3933; x_wconf 85' lang='lat' dir='ltr'><strong>a</strong></span> 
     </span>
     <span class='ocr_line' id='line_1_39' title="bbox 528 3958 1539 4036; baseline 0 -16"><span class='ocrx_word' id='word_1_306' title='bbox 528 3960 601 4020; x_wconf 72' lang='lat' dir='ltr'><strong>siliis</strong></span> <span class='ocrx_word' id='word_1_307' title='bbox 616 3959 700 4018; x_wconf 74' lang='lat' dir='ltr'><strong>sassa.</strong></span> <span class='ocrx_word' id='word_1_308' title='bbox 733 3958 771 4019; x_wconf 84' lang='lat' dir='ltr'><strong>cf.</strong></span> <span class='ocrx_word' id='word_1_309' title='bbox 789 3960 873 4018; x_wconf 70' lang='lat' dir='ltr'><strong>Seru</strong></span> <span class='ocrx_word' id='word_1_310' title='bbox 900 3962 937 4019; x_wconf 86' lang='lat' dir='ltr'><strong>ad</strong></span> <span class='ocrx_word' id='word_1_311' title='bbox 961 3982 992 4020; x_wconf 85' lang='lat' dir='ltr'><strong>v.</strong></span> <span class='ocrx_word' id='word_1_312' title='bbox 1009 3978 1084 4036; x_wconf 78' lang='lat'><strong>242.</strong></span> <span class='ocrx_word' id='word_1_313' title='bbox 1152 3964 1342 4024; x_wconf 82' lang='lat' dir='ltr'><strong>Praeiuerant</strong></span> <span class='ocrx_word' id='word_1_314' title='bbox 1364 3976 1460 4023; x_wconf 84' lang='lat' dir='ltr'><strong>tamen</strong></span> <span class='ocrx_word' id='word_1_315' title='bbox 1486 3959 1539 4021; x_wconf 86' lang='lat' dir='ltr'><strong>alii</strong></span> 
     </span>
     <span class='ocr_line' id='line_1_40' title="bbox 529 4046 1539 4125; baseline 0.003 -21"><span class='ocrx_word' id='word_1_316' title='bbox 529 4046 726 4123; x_wconf 73' lang='lat' dir='ltr'><strong>antiquiores,</strong></span> <span class='ocrx_word' id='word_1_317' title='bbox 749 4058 784 4105; x_wconf 80' lang='lat' dir='ltr'><strong>rt</strong></span> <span class='ocrx_word' id='word_1_318' title='bbox 798 4048 951 4125; x_wconf 90' lang='lat' dir='ltr'><strong>Lycopbr.</strong></span> <span class='ocrx_word' id='word_1_319' title='bbox 970 4046 1119 4125; x_wconf 80' lang='lat' dir='ltr'><strong>340sqq.,</strong></span> <span class='ocrx_word' id='word_1_320' title='bbox 1137 4069 1190 4109; x_wconf 89' lang='lat' dir='ltr'><strong>nec</strong></span> <span class='ocrx_word' id='word_1_321' title='bbox 1207 4051 1308 4111; x_wconf 87' lang='lat' dir='ltr'><strong>dubito</strong></span> <span class='ocrx_word' id='word_1_322' title='bbox 1320 4052 1355 4109; x_wconf 86' lang='lat' dir='ltr'><strong>-in</strong></span> <span class='ocrx_word' id='word_1_323' title='bbox 1373 4052 1420 4110; x_wconf 71' lang='lat' dir='ltr'><strong>his·</strong></span> <span class='ocrx_word' id='word_1_324' title='bbox 1441 4068 1539 4109; x_wconf 80' lang='lat' dir='ltr'><strong>vnum</strong></span> 
     </span>
     <span class='ocr_line' id='line_1_41' title="bbox 536 4132 1539 4211; baseline 0.004 -20"><span class='ocrx_word' id='word_1_325' title='bbox 536 4152 575 4191; x_wconf 85' lang='lat' dir='ltr'><strong>ex</strong></span> <span class='ocrx_word' id='word_1_326' title='bbox 596 4133 716 4208; x_wconf 81' lang='lat' dir='ltr'><strong>cyclicis</strong></span> <span class='ocrx_word' id='word_1_327' title='bbox 740 4134 834 4207; x_wconf 89' lang='lat' dir='ltr'><strong>poetis</strong></span> <span class='ocrx_word' id='word_1_328' title='bbox 857 4132 948 4192; x_wconf 82' lang='lat' dir='ltr'><strong>luisse.</strong></span> <span class='ocrx_word' id='word_1_329' title='bbox 1009 4136 1187 4196; x_wconf 82' lang='lat' dir='ltr'><strong>Proditionis</strong></span> <span class='ocrx_word' id='word_1_330' title='bbox 1212 4141 1249 4196; x_wconf 83' lang='lat' dir='ltr'><strong>ab</strong></span> <span class='ocrx_word' id='word_1_331' title='bbox 1271 4140 1421 4197; x_wconf 79' lang='lat' dir='ltr'><strong>Antenore</strong></span> <span class='ocrx_word' id='word_1_332' title='bbox 1443 4134 1539 4211; x_wconf 62' lang='lat' dir='ltr'><strong>fatiae</strong></span> 
     </span>
     <span class='ocr_line' id='line_1_42' title="bbox 528 4218 1539 4311; baseline 0.003 -34"><span class='ocrx_word' id='word_1_333' title='bbox 528 4218 804 4277; x_wconf 62' lang='lat' dir='ltr'><strong>auctoramentum</strong></span> <span class='ocrx_word' id='word_1_334' title='bbox 821 4220 889 4279; x_wconf 86' lang='lat' dir='ltr'><strong>olim</strong></span> <span class='ocrx_word' id='word_1_335' title='bbox 898 4222 1080 4301; x_wconf 79' lang='lat' dir='ltr'><strong>Polygnotus</strong></span> <span class='ocrx_word' id='word_1_336' title='bbox 1094 4235 1255 4311; x_wconf 69' lang='lat' dir='ltr'><strong>agnouerit</strong></span> <span class='ocrx_word' id='word_1_337' title='bbox 1266 4225 1296 4284; x_wconf 92' lang='lat' dir='ltr'><strong>in</strong></span> <span class='ocrx_word' id='word_1_338' title='bbox 1310 4227 1408 4284; x_wconf 86' lang='lat' dir='ltr'><strong>tabula</strong></span> <span class='ocrx_word' id='word_1_339' title='bbox 1422 4218 1471 4283; x_wconf 84' lang='lat' dir='ltr'><strong>sua</strong></span> <span class='ocrx_word' id='word_1_340' title='bbox 1487 4242 1539 4298; x_wconf 88' lang='lat' dir='ltr'><strong>ap.</strong></span> 
     </span>
     <span class='ocr_line' id='line_1_43' title="bbox 534 4304 1541 4392; baseline 0.003 -26"><span class='ocrx_word' id='word_1_341' title='bbox 534 4304 656 4367; x_wconf 81' lang='lat' dir='ltr'><strong>Pausan.</strong></span> <span class='ocrx_word' id='word_1_342' title='bbox 673 4308 711 4373; x_wconf 86' lang='lat' dir='ltr'><strong>X,</strong></span> <span class='ocrx_word' id='word_1_343' title='bbox 729 4322 782 4381; x_wconf 77' lang='lat' dir='ltr'><strong>eq</strong></span> <span class='ocrx_word' id='word_1_344' title='bbox 774 4327 828 4381; x_wconf 79' lang='lat' dir='ltr'><strong>..p</strong></span> <span class='ocrx_word' id='word_1_345' title='bbox 846 4312 903 4379; x_wconf 67' lang='grc' dir='ltr'><strong>σός</strong></span> <span class='ocrx_word' id='word_1_346' title='bbox 930 4304 1182 4385; x_wconf 78' lang='lat' dir='ltr'><strong>Sopltoolissuore</strong></span> <span class='ocrx_word' id='word_1_347' title='bbox 1198 4306 1398 4392; x_wconf 55' lang='grc' dir='ltr'><strong>Ἀντηνορίδῃ,</strong></span> <span class='ocrx_word' id='word_1_348' title='bbox 1422 4326 1481 4385; x_wconf 84' lang='lat' dir='ltr'><strong>qua</strong></span> <span class='ocrx_word' id='word_1_349' title='bbox 1497 4326 1541 4369; x_wconf 78' lang='lat' dir='ltr'><strong>ex</strong></span> 
     </span>
    </p>
   </div>
   <div class='ocr_carea' id='block_1_4' title="bbox 534 4388 1546 4541">
    <p class='ocr_par' dir='ltr' id='par_1_6' title="bbox 534 4388 1546 4541">
     <span class='ocr_line' id='line_1_44' title="bbox 534 4388 1541 4498; baseline 0.002 -48"><span class='ocrx_word' id='word_1_350' title='bbox 534 4388 634 4498; x_wconf 75' lang='lat' dir='ltr'><strong>sabula</strong></span> <span class='ocrx_word' id='word_1_351' title='bbox 649 4392 753 4452; x_wconf 85' lang='lat' dir='ltr'><strong>Strabo</strong></span> <span class='ocrx_word' id='word_1_352' title='bbox 771 4394 843 4467; x_wconf 82' lang='lat' dir='ltr'><strong>xm,</strong></span> <span class='ocrx_word' id='word_1_353' title='bbox 859 4416 889 4472; x_wconf 89' lang='lat' dir='ltr'><strong>p.</strong></span> <span class='ocrx_word' id='word_1_354' title='bbox 899 4408 962 4473; x_wconf 84' lang='lat'><strong>905</strong></span> <span class='ocrx_word' id='word_1_355' title='bbox 978 4396 1014 4455; x_wconf 86' lang='lat' dir='ltr'><strong>B.</strong></span> <span class='ocrx_word' id='word_1_356' title='bbox 1033 4410 1174 4457; x_wconf 79' lang='lat' dir='ltr'><strong>memorat</strong></span> <span class='ocrx_word' id='word_1_357' title='bbox 1188 4398 1346 4475; x_wconf 83' lang='lat' dir='ltr'><strong>pantherae</strong></span> <span class='ocrx_word' id='word_1_358' title='bbox 1359 4398 1465 4476; x_wconf 84' lang='lat' dir='ltr'><strong>pellem</strong></span> <span class='ocrx_word' id='word_1_359' title='bbox 1473 4394 1541 4453; x_wconf 84' lang='lat' dir='ltr'><strong>An·</strong></span> 
     </span>
     <span class='ocr_line' id='line_1_45' title="bbox 1427 4480 1546 4541; baseline 0 0"><span class='ocrx_word' id='word_1_360' title='bbox 1427 4480 1546 4541; x_wconf 80' lang='lat' dir='ltr'><strong>tenoris</strong></span> 
     </span>
    </p>
   </div>
   <div class='ocr_carea' id='block_1_5' title="bbox 0 0 1802 5400">
    <p class='ocr_par' dir='ltr' id='par_1_7' title="bbox 0 0 1802 5400">
     <span class='ocr_line' id='line_1_46' title="bbox 0 0 1802 5400; baseline 0 0"><span class='ocrx_word' id='word_1_361' title='bbox 0 0 1802 5400; x_wconf 95' lang='lat' dir='ltr'><strong> </strong></span> 
     </span>
    </p>
   </div>
  </div>
 </body>
</html>
