3567 5400
581 314 586 373 l

404 570 407 583 .
508 524 570 581 xc
617 566 620 575 ,
786 486 1250 595 msnvtsmmt

511 702 564 773 tr,
585 700 627 767 et
648 688 686 765 id
708 666 838 785 genus
860 688 949 763 alia.
998 683 1143 784 Neque
1154 708 1256 766 vero
1272 684 1374 763 haec
1387 684 1532 764 (ἥτε.

513 818 655 871 corum
677 796 842 867 imitatio
864 806 934 867 aut
955 795 1116 889 ingenio
1136 816 1274 868 carere
1288 807 1358 868 aut
1375 796 1529 869 iudicio

512 899 689 999 putanda
705 895 783 981 est;
810 894 867 971 est
880 900 986 969 enim
1011 896 1077 969 illa
1098 918 1346 993 nequaquam
1364 898 1529 971 seruilis

514 1006 585 1077 aut
617 998 833 1089 affectata„
861 1001 1081 1079 cuiusmodi
1105 1002 1153 1075 ab
1173 1002 1334 1097 ingenio
1355 1002 1451 1075 exili
1476 1010 1529 1075 et

514 1108 663 1202 ignauo
680 1103 872 1203 proficisci
890 1104 1005 1187 solet,
1030 1126 1161 1200 neque
1176 1106 1218 1178 in
1234 1106 1400 1179 alterius
1419 1128 1529 1205 poe·

515 1222 583 1284 tae
598 1208 745 1293 verbis,
759 1209 897 1291 modis,
914 1207 957 1283 et
972 1204 1114 1301 figuris
1129 1209 1326 1283 variandis
1342 1212 1530 1309 turpiter

368 1374 374 1389 ,
515 1314 665 1408 ingenii
681 1315 789 1387 vires
807 1314 958 1386 attriuit
972 1321 1110 1408 poeta3
1131 1310 1215 1395 led,
1242 1314 1310 1387 vbi
1332 1334 1529 1387 occurre·

515 1426 581 1498 rat
599 1415 738 1511 aliquid
755 1414 803 1487 ab
818 1416 896 1489 alio
911 1412 1110 1511 ingeniose
1130 1418 1348 1513 cogitatum
1367 1418 1437 1491 vel
1459 1420 1529 1489 in·

515 1532 704 1604 ventum,
749 1516 814 1591 illo
845 1530 1049 1614 tamquam
1082 1516 1354 1617 phantasmate
1387 1518 1530 1594 tattus

515 1622 701 1701 Maronis
718 1625 884 1707 animus,
899 1623 977 1706 vel,
998 1625 1058 1699 vti
1074 1622 1163 1696 ficri
1179 1622 1287 1707 solet,
1311 1622 1339 1699 li
1353 1624 1532 1698 scintilla

517 1726 663 1803 idoneo
684 1722 828 1801 fomite
843 1734 1014 1827 excepta
1035 1722 1111 1817 est,
1133 1724 1293 1824 flamma
1304 1740 1532 1826 correptus

517 1829 700 1909 lncaluit‚
739 1839 782 1905 et
804 1850 951 1927 magno
972 1828 1156 1905 incendio
1177 1828 1337 1905 exarflt
1409 1831 1531 1905 Hinc

518 1956 647 2025 noune
662 1952 797 2007 rerum
812 1932 983 2019 formae,
1006 1954 1114 2008 noua
1127 1955 1286 2031 genera,
1309 1954 1441 2009 nouae
1458 1938 1530 2008 in.

516 2036 677 2113 terdum
700 2048 878 2113 naturae.
927 2034 1063 2114 Nemo
1079 2034 1212 2123 facile,
1235 2034 1434 2133 filingula
1454 2060 1531 2113 re·

519 2140 734 2235 cognoscat
756 2148 801 2217 et
829 2143 1026 2238 excutiat,
1063 2163 1149 2215 non
1176 2142 1365 2237 intelligit
1385 2140 1531 2238 Virgi-

517 2240 635 2327 lium,
668 2247 788 2319 etium
807 2244 873 2321 vbi
893 2245 1020 2343 press'e
1040 2243 1235 2343 sequitur,
1265 2245 1384 2319 modo
1409 2244 1529 2320 tasti-

397 2348 404 2357 “
520 2351 686 2443 gatiore,
709 2346 955 2447 pulchriore,
974 2348 1042 2425 vel
1060 2347 1285 2445 augustiore
1297 2350 1356 2423 rei
1378 2347 1530 2449 specie,

519 2451 655 2526 Letiui
676 2452 869 2525 sermonis
896 2453 1112 2548 elegmttia,
1147 2456 1220 2527 aut
1243 2474 1354 2527 nouo
1381 2476 1529 2529 rerum

519 2560 688 2644 ornatu,
712 2555 833 2631 modo
854 2554 1020 2631 oenum
1040 2555 1211 2633 feliciter
1227 2576 1273 2631 ac
1291 2556 1448 2631 dellexa
1471 2558 1529 2635 ad

436 2660 444 2673 '
518 2658 624 2736 aliud
638 2675 920 2756 rerumgenus
934 2660 1134 2738 sententia
1144 2660 1213 2738 vel
1224 2663 1419 2754 oratione,
1432 2685 1530 2737 cer-

518 2761 725 2840 telletum
746 2759 905 2841 Graeco
923 2776 1056 2864 poete.
1115 2765 1303 2866 Inprimis
1327 2779 1462 2840 nutem
1483 2768 1530 2842 se

416 2956 419 2964 Ι
519 2867 715 2943 Romanis
749 2871 789 2942 in
820 2868 991 2944 Homeri
1024 2871 1242 2944 imitatione
1274 2893 1529 2970 magnopere

518 2973 691 3072 probare
718 2971 853 3048 debuit
879 2971 1012 3048 cultus
1033 2969 1229 3070 Augustei
1253 2973 1413 3058 saeculi,
1439 2995 1528 3070 quo

519 3073 749 3175 llmpll'citae
770 3076 947 3160 incultae
961 3087 1005 3151 et
1026 3076 1186 3152 horrida
1205 3079 1407 3153 interdum
1430 3077 1529 3152 Ho.

518 3179 822 3276 merivetustns,
842 3191 911 3254 aut
923 3183 1031 3258 iners
1045 3181 1226 3277 languor,
1241 3182 1360 3256 modo
1378 3181 1426 3257 ad
1446 3182 1530 3254 iro·

518 3279 731 3359 cestim-em
750 3296 792 3359 et
807 3287 1006 3360 mitiorem
1023 3284 1178 3360 cultum
1189 3307 1213 3359 a
1225 3284 1413 3380 Marone,
1434 3307 1530 3358 mo-

520 3385 639 3461 dead
663 3387 948 3482 elegantiorem
974 3396 1164 3464 ornatum
1176 3405 1247 3464 aut
1261 3391 1530 3468 adincitatio-

519 3511 606 3563 rem
621 3492 701 3564 vim
718 3490 1025 3592 temperataett
1060 3491 1153 3568 Hoc
1166 3497 1328 3568 nomine
1341 3493 1422 3594 ipse
1435 3492 1531 3567 Ae-

519 3601 631 3668 nens'
649 3614 806 3689 quoque
836 3595 1183 3672 commendabilior
1209 3595 1339 3701 videri
1369 3599 1529 3696 pontit:

483 3750 485 3755 -
518 3698 702 3786 munibus
719 3701 805 3774 eius
829 3697 960 3788 saltis,
989 3701 1169 3780 moribus
1190 3723 1237 3776 ec
1250 3699 1366 3776 dietis
1395 3703 1533 3776 m'aior

519 3801 657 3896 aliquis
687 3801 947 3878 humanitatis
978 3805 1115 3879 emtus
1147 3801 1268 3889 inestt
1302 3817 1531 3904 apparatus

518 3924 659 3980 rerum
681 3903 774 3982 lunt
795 3911 1049 3993 ornatioresr
1081 3915 1318 3984 ornamenta
1339 3911 1532 4004 dignitas,

517 4007 706 4106 splendor
726 4021 769 4086 et
789 4012 1014 4106 elegantia,¹
1030 4014 1338 4117 mamedune,
1352 4011 1428 4087 led
1449 4015 1531 4085 he-

517 4121 633 4184 roum
649 4113 831 4208 personis
847 4115 977 4209 digne,
1002 4113 1184 4193 illustrat.
1235 4115 1350 4212 Quae
1363 4116 1529 4210 quidem

513 4235 589 4288 tet
609 4219 649 4290 in
674 4216 832 4314 longam
855 4219 1156 4315 disputationem
1170 4219 1307 4294 adduci
1324 4218 1473 4319 pedere
1495 4222 1530 4295 fi

518 4319 788 4420 &mmsis
806 4323 981 4404 lubitum
1007 4347 1126 4424 quam
1144 4325 1382 4430 scriptionis.
1394 4325 1531 4399 conli-

966 4489 970 4496 .
1422 4429 1530 4505 lium
