3567 5400
577 606 652 686 an
691 610 924 688 manvu
967 613 983 687 1
1212 620 1281 710 ιο,

279 787 411 863 nieibnr,
442 764 937 870 quodtamen⁰nunnignoramnss
972 789 1119 862 Nomina,
1143 811 1217 870 quae
1234 801 1278 852 te·
1358 793 1363 806 '

280 897 401 948 nemus,
439 878 569 936 Graecae
593 875 654 935 fere
678 877 798 960 originis
822 877 904 940 sunto
938 875 1047 939 'verum
1078 877 1185 940 Graeci
1217 897 1279 944 non

280 963 329 1024 nili
349 964 474 1044 exiguos
489 963 593 1024 littoris
614 963 721 1024 traitus
737 968 773 1025 ab
788 965 871 1027 initio
889 965 1020 1048 cognitos
1041 965 1178 1040 habuere.
1222 973 1276 1025 Sa·

279 1057 384 1110 turine
405 1051 530 1126 quidem
545 1067 671 1122 nomen,
695 1054 776 1131 quod
794 1050 951 1128 Dionysius
971 1043 1172 1128 Halic.1‚'34
1190 1063 1275 1128 puta·

278 1138 343 1206 bat,
366 1137 422 1196 vix
444 1135 500 1197 fuit
514 1141 675 1198 'commune
692 1158 724 1197 ac
743 1139 881 1218 nugare,
906 1135 954 1195 fed
979 1137 1017 1198 est
1031 1151 1202 1213 poetarum3
1227 1137 1277 1202 ent

279 1222 369 1300 primo
383 1225 422 1283 ad
436 1224 536 1283 locum
551 1223 677 1300 aliquem
701 1223 779 1284 circa
794 1222 930 1284 Tiberim
946 1219 1075 1300 ipeiiaffe
1093 1223 1217 1284 dicitur:
1241 1215 1274 1289 ν’.

279 1314 315 1368 td
328 1309 379 1368 lib.
393 1311 458 1370 vm
472 1313 549 1367 Ere.
565 1311 589 1368 11
604 1320 680 1370 extr.
710 1317 852 1386 Hesperiae
867 1329 993 1378 nornen,
1016 1323 1122 1368 terram
1140 1313 1177 1369 ad
1194 1311 1273 1374 occi.

279 1399 391 1454 dentem
409 1395 489 1459 litam
504 1397 665 1468 declarans,
678 1417 843 1456 ·commune
857 1395 913 1456 fuit
929 1417 995 1458 cnut
1010 1394 1162 1471 Hispaniam
1185 1409 1219 1456 vt
1232 1397 1275 1456 sa·

280 1483 312 1540 tir
334 1493 492 1558 appareat,
521 1482 641 1542 Graecis
667 1500 706 1541 ex
730 1482 809 1541 omni
832 1485 951 1559 Europa
974 1479 1097 1558 primam
1118 1482 1272 1552 innotuill'e

277 1568 393 1638 ltaliam,
417 1587 474 1628 nec
487 1567 536 1628 nili
552 1568 735 1647 nauigatione
751 1569 940 1629 adulteriora
953 1565 1037 1639 aaa,
1059 1568 1183 1628 Iberiam
1197 1590 1270 1644 qun·

279 1675 329 1730 que
344 1654 379 1729 iu¹
398 1653 533 1714 notitiam
548 1655 665 1716 venill‘e.
709 1654 831 1730 Reliqua
845 1655 940 1716 Italiae
957 1655 1085 1728 nomina,
1107 1673 1175 1715 cum
1191 1667 1272 1720 certo

279 1761 341 1820 agro
350 1743 409 1804 'uel
424 1755 521 1802 certae
537 1741 668 1820 regioni,
692 1761 779 1818 quam
796 1741 922 1818 primunt
939 1743 1068 1805 adierant
1083 1743 1133 1802 vel
1149 1741 1274 1803 coloniis

278 1825 492 1906 frequentarunt
507 1827 628 1897 Graeci,
652 1825 741 1887 eilent
761 1828 899 1904 propria,
922 1829 960 1888 ad
977 1825 1148 1892 remotiores
1165 1837 1271 1904 terras,

278 1917 359 1972 modo
380 1913 528 1996 angulliur
545 1917 634 1974 modo
653 1915 755 1985 latius,
777 1917 953 1994 tandemque
973 1917 1011 1977 ad
1026 1925 1118 1976 totum
1139 1915 1216 1974 hunc
1233 1917 1272 1974 ab

279 1999 392 2075 alpibus
416 2014 642 2077 procurrentem
663 2001 786 2076 uatium
806 1999 888 2062 suere
904 2000 1044 2065 tradan.
1089 2007 1213 2064 Oenotria
1234 2004 1272 2062 ab

279 2085 351 2146 initio
366 2085 425 2150 fuit
442 2084 812 2166 agerinterLametieuml.
823 2087 1005 2152 Terinaeum
1018 2085 1109 2148 linum
1126 2107 1158 2146 ac
1169 2088 1270 2164 Scyla-

278 2173 360 2242 eium,
382 2173 440 2250 qui
461 2170 614 2234 strionibus
631 2174 809 2250 temporibus
825 2173 1005 2234 Bruttiorum
1024 2186 1094 2234 erat.
1139 2175 1271 2250 Appulea

278 2274 339 2318 runt
351 2261 433 2320 enim
449 2260 573 2320 Oenotri
586 2261 703 2348 Pelasgi
715 2259 748 2320 in
763 2261 859 2320 littore
876 2257 932 2322 hoe
947 2260 1041 2320 ltaliae
1053 2259 1203 2334 interiore,
1227 2271 1269 2320 at·

280 2365 327 2420 que
348 2345 516 2407 Ausonibus
541 2345 608 2406 hinc
633 2345 729 2411 eiestir
752 2349 936 2424 protulerunt
958 2349 1029 2408 fines
1054 2345 1118 2410 suos
1142 2347 1271 2426 primum

277 2431 365 2492 versus
379 2435 483 2492 Laum
494 2431 618 2492 fluuium
636 2447 665 2495 et
677 2433 875 2509 Metapontum
891 2435 1013 2504 urbem,
1036 2455 1109 2516 mon¹
1123 2453 1217 2510 voque
1233 2430 1272 2496 ad

279 2519 391 2578 &larum
408 2531 443 2580 et
457 2521 637 2590 Bradanum,
658 2511 734 2579 forte
751 2520 837 2579 etiam
851 2519 954 2588 latius;
977 2508 1133 2597 Dionysius
1151 2519 1272 2596 quidem

277 2605 323 2663 bos
336 2605 416 2682 ipsos
436 2605 576 2686 Pelasgos
597 2609 635 2666 ad
650 2605 768 2666 Latium
788 2605 948 2685 progrelior
970 2602 1087 2668 Vmbris
1107 2605 1271 2682 Siculisque

277 2693 390 2769 expulsu
409 2704 526 2754 etcum
539 2692 749 2773 Aboriginibus
764 2693 925 2787 permixtos
944 2714 977 2754 ea
992 2695 1057 2753 loca
1073 2691 1189 2753 tenuitse
1202 2712 1271 2751 aar.

279 2794 333 2849 rat;
360 2780 409 2842 led
435 2800 477 2839 ex
501 2779 666 2857 opinatione
687 2780 726 2840 ita
745 2782 888 2848 statutum
917 2801 984 2852 cum
1005 2800 1064 2851 non
1087 2777 1271 2848 meminiiiet,

278 2868 386 2926 alteram
408 2868 615 2946 'Pelasgorum
654 2868 868 2926 multitudinem
904 2868 935 2926 in
971 2887 1049 2925 mare
1087 2864 1271 2927 Adriaticum

279 2953 397 3018 metium
410 2955 530 3014 aliunde
547 2974 601 3029 per
612 2953 763 3013 Vmbriam
778 2956 814 3011 ad
830 2954 878 3017 illa
890 2956 955 3019 loca
971 2952 1137 3031 penetraffe.
1176 2954 1271 3033 Prpp-

278 3048 316 3096 ter
337 3041 541 3125 cognationem
563 3038 656 3126 stirpis
682 3049 796 3109 tamen,
827 3053 877 3099 aut
900 3040 986 3103 etiam
1008 3038 1166 3101 secundum
1190 3034 1270 3118 illam

278 3122 405 3205 Dionysio
432 3144 553 3207 quoque
575 3128 726 3202 probatam
743 3126 930 3202 opinionem,
955 3126 1080 3189 Oenotri
1101 3138 1191 3187 totam
1213 3124 1269 3185 lta·

278 3210 336 3272 liam
348 3212 501 3277 obtinuille
517 3196 576 3273 dici
588 3213 713 3291 poliunt,
737 3210 835 3289 etipsa
849 3213 928 3274 ltalia
946 3220 1078 3281 Oenotria.
1099 3212 1173 3275 vtia
1189 3210 1269 3287 prio·

279 3297 346 3357 ribus
370 3300 477 3359 incolis
500 3306 632 3373 musantia,
663 3314 694 3365 et
716 3320 732 3357 a
757 3298 922 3372 Omnibus,
955 3300 1156 3361 Oenotrorurn
1172 3309 1269 3377 parte,

280 3390 382 3445 Ornia:
418 3385 593 3449 Accuratiur
608 3388 678 3450 haec
699 3384 857 3449 secundum
873 3385 1054 3449 Aristotelem
1072 3388 1108 3443 de
1124 3404 1188 3461 rep·
1204 3383 1268 3458 vn,

279 3486 307 3529 to
322 3487 348 3535 et
363 3466 538 3537 Strabonem
552 3474 592 3533 Vl
605 3494 634 3549 p.
650 3490 699 3551 ³9¹
715 3485 882 3549 comparato
898 3462 1038 3548 Dionysio
1049 3474 1073 3542 1,
1091 3470 1163 3549 usq.
1182 3486 1214 3555 35
1224 3461 1267 3547 sqss

280 3557 330 3631 poll
341 3559 515 3625 Cluuerium
529 3578 545 3617 a
559 3560 642 3619 nobis
657 3558 784 3634 erpofita
799 3557 864 3617 sunt
879 3558 909 3619 in
922 3564 1065 3623 curlrr’am‘
1078 3558 1174 3633 operis
1192 3562 1267 3627 (Aa.

278 3652 376 3711 parnense
386 3638 614 3720 ll'tlrgvesrnictte)
630 3644 794 3707 recensione
805 3646 848 3703 T.
858 3647 897 3707 IV
911 3666 941 3721 p.
953 3660 990 3727 ’ῖς
1002 3642 1040 3721 sq.
1052 3656 1079 3703 et
1088 3646 1124 3709 al.
1150 3640 1267 3701 Succes-

280 3726 411 3791 lrtlraltae
435 3752 565 3800 nomen,
586 3732 676 3811 idque
697 3734 794 3807 paullo
814 3730 921 3791 sedus:
945 3737 1116 3802 mansium,
1140 3730 1267 3788 minoret

280 3818 376 3874 lentam
398 3824 493 3898 dixrffe
513 3824 587 3879 ducis
608 3824 640 3876 de
660 3826 760 3876 nourine
776 3834 899 3893 gernemue
920 3820 1000 3901 Ergo
1023 3814 1151 3877 Troiani
1170 3813 1269 3876 saltem

281 3898 337 3963 belii
353 3916 484 3981 tempore
499 3904 530 3965 in
548 3904 704 3968 Oenotriae
720 3906 818 3965 locum
833 3906 955 3964 alterum
970 3903 1064 3963 ltaliae
1082 3922 1188 3964 nomen
1204 3900 1265 3961 luc·

281 3988 386 4058 tenue,
425 3992 559 4051 audierat
579 3992 730 4073 Virgilius.
789 3992 937 4049 Conuenit
962 3990 1015 4055 hoc
1041 3988 1101 4055 sere
1126 4010 1193 4051 tum
1217 4008 1266 4063 eo,

281 4076 348 4147 quod
369 4076 492 4155 Dionys.
506 4078 600 4139 Halic.
625 4079 728 4146 habet,
751 4078 829 4138 XVII
851 4080 952 4156 γενεαῖς
970 4074 1017 4137 seu
1035 4076 1173 4135 aetatibus
1191 4076 1220 4133 h.
1239 4094 1265 4135 e.

283 4174 332 4227 45⁹
355 4164 435 4223 annis
454 4176 520 4225 ante
537 4166 643 4224 bellurn
665 4164 851 4233 Troianum,
876 4164 1023 4223 Oenotros
1047 4162 1156 4223 Italiam
1173 4152 1267 4221 accesl

281 4240 342 4303 lut:
363 4250 410 4309 etii
432 4251 490 4313 hoc
511 4250 676 4312 conietiura
697 4260 827 4319 tantum,
852 4270 947 4327 neque
971 4272 1002 4309 en
1024 4250 1086 4309 satis
1109 4238 1268 4327 probabili,

282 4332 420 4405 apposuill'e
436 4336 534 4409 uideri
550 4340 654 4396 debet:
679 4337 716 4398 cf.
733 4340 811 4418 linc,
827 4338 867 4400 IV
883 4328 920 4395 ad
937 4336 987 4396 lib.
1005 4340 1055 4399 Vll
1072 4344 1114 4413 (p.
1132 4340 1267 4413 unuin),

281 4414 346 4483 bid.
362 4422 557 4490 Commentat.
574 4430 606 4482 de
613 4428 721 4499 fiebalis
734 4430 783 4485 Gr.
799 4429 872 4480 iuter
888 4430 1009 4499 Etruscos
1031 4424 1061 4485 in
1081 4424 1124 4485 Τ.
1137 4425 1182 4482 III.
1198 4428 1267 4481 ,l'om

786 4510 814 4573 L
840 4528 861 4591 4
1174 4514 1268 4571 Cenem.
