3567 5400
301 549 373 629 DE
399 542 591 658 CARM.
619 539 1072 626 'EPICQ'VIRGIL
1107 568 1229 623 xnrrr

268 743 342 822 lun
376 740 456 813 aliis
474 734 726 821 auctorem,
762 744 811 812 vt
831 756 975 811 omnes
989 744 1138 834 poetas
1159 758 1227 807 eo

268 846 330 919 dem
351 846 459 917 modo
479 843 811 941 interpretatione
837 852 1035 939 perpetrm
1062 863 1161 937 oper
1163 840 1229 911 ose

268 952 366 1021 ninils·
378 944 624 1020 instruendd5
637 943 723 1018 eise
744 942 812 1016 fibi
836 944 1116 1040 perluadoant3
1155 926 1241 1031 etii

268 1052 350 1125 acite
367 1050 552 1146 intelligo,
564 1051 636 1132 ris,
660 1071 728 1145 qur
717 1045 912 1122 Statium
935 1058 1004 1121 aut
1020 1047 1232 1126 Valerium

268 1154 418 1229 Flaccum
462 1166 533 1227 ant
580 1152 724 1225 ssmiles
767 1174 857 1224 cum
899 1150 1031 1227 linctu
1082 1151 1230 1225 edituri

268 1260 347 1342 lunt,
378 1259 425 1333 ad
444 1259 671 1359 orationem
691 1253 957 1333 illustrandam
979 1278 1061 1354 non
1085 1258 1229 1340 minua

269 1386 354 1459 quam
376 1360 420 1435 ad
441 1345 671 1437 lectionem
673 1352 1020 1456 constituendam,
1061 1378 1232 1435 conuer-

269 1468 396 1542 tendum
414 1464 491 1539 effe
513 1463 701 1548 studium3
736 1484 844 1535 ame
868 1464 907 1553 id
929 1464 1062 1543 laltem
1077 1461 1231 1567 specla-

268 1571 368 1653 batur,
402 1582 447 1645 vt
471 1571 550 1653 ils,
572 1570 645 1670 'qui
657 1541 769 1639 bona
787 1546 1033 1645 institntione
1052 1572 1232 1669 egerent,

269 1672 417 1773 exemplo
436 1672 569 1793 aliquo
587 1668 813 1773 propofito
833 1670 1083 1773 etquidem
1073 1693 1113 1743 in
1136 1692 1232 1780 poe-

269 1790 365 1849 tamin
390 1778 588 1889 principe,
626 1774 675 1847 de
703 1796 802 1849 vera
831 1778 1043 1853 enarrandi
1074 1772 1232 1853 ratione

269 1880 445 1963 multaret,
476 1879 527 1953 ad
547 1880 668 1986 qoam
685 1875 744 1961 le,
770 1880 890 1953 etiam
913 1880 1026 1953 nullo
1050 1880 1127 1952 alio
1149 1902 1235 1953 ma-

270 1984 357 2074 gillro
375 1970 558 2066 adhibito,
583 2003 817 2079 comparare
835 1984 1002 2083 pollent..
1034 1972 1235 2059 Attamen

270 2092 294 2157 in
304 2088 365 2166 hac
378 2086 454 2189 ipsa
467 2109 546 2185 poe
525 2087 614 2158 tici
629 2084 822 2163 sermonis
839 2086 1122 2162 constitutione
1136 2090 1235 2191 poe·

270 2197 311 2262 tae
319 2192 397 2265 laus
409 2202 451 2265 et
461 2192 595 2265 virtus
608 2210 691 2265 non
704 2194 815 2267 tam
803 2212 843 2265 rn
856 2192 1098 2271 inueniendo
1117 2214 1236 2295 quam

270 2296 294 2363 in
304 2298 451 2371 inuento
466 2292 638 2371 aliorum
654 2316 743 2367 cum
761 2295 959 2416 ingeniosa
972 2297 1203 2397 sagacitate
1194 2316 1238 2368 m

269 2398 333 2471 u05
343 2398 436 2475 vsus
443 2382 725 2472 transferendo
740 2402 931 2474 cernitur
943 2392 1237 2483 Alexandrinis

270 2505 347 2573 enlm
360 2504 505 2615 poetis,
519 2496 760 2579 Callimacho
761 2497 1008 2605 ,Apollonia
1023 2504 1237 2589 Nicandro,

270 2604 383 2689 Arato,
408 2607 560 2709 poetici
583 2603 776 2686 sermonis
798 2608 1063 2708 exquisitioris
1089 2596 1240 2684 indoles

270 2723 299 2781 ct
309 2721 440 2789 natura
452 2712 572 2784 voice
586 2706 642 2783 est
654 2721 817 2812 accepta
831 2713 1058 2798 reici-enda
1079 2713 1156 2788 hoc
1170 2737 1240 2786 eo

270 2835 333 2885 mm
346 2815 489 2889 docent
504 2801 662 2914 scripta,
686 2817 725 2886 in
741 2815 890 2891 ihmma
905 2817 1149 2914 limplicitate
1162 2817 1241 2892 cnl-

270 2925 342 3002 tum
358 2925 549 3012 nitorem,
564 2925 607 2990 et
621 2929 803 2994 ornatum
818 2919 919 2994 admi
923 2923 1100 3011 rabilem
1103 2918 1243 3023 qoem
1385 2925 1391 2934 ’

270 3024 351 3094 rolla
365 3023 438 3096 alia
457 3034 572 3098 aetas
585 3021 781 3124 assequota
795 3021 870 3113 est
892 3007 1117 3104 referentia.
1169 3029 1244 3108 Vi-

245 3123 388 3204 lencm
404 3125 554 3201 scilicet
601 3133 716 3204 oetae
728 3079 925 3202 dostisslml
941 3141 993 3204 et
997 3129 1245 3212 Ptolemaeo·

245 3208 246 3283 l
270 3249 337 3302 mm
351 3148 616 3304 contubernlo
632 3229 799 3328 expoliti
814 3233 1139 3322 animaduertill'e,
1159 3259 1245 3316 non

271 3331 317 3403 ins
312 3333 453 3407 eliciter
492 3331 754 3439 'tragicorum
792 3336 992 3414 tumorem
1029 3339 1247 3423 Homerica

272 3431 492 3536 duplicitate
505 3427 726 3538 temperari
742 3448 783 3513 et
795 3448 932 3516 natam
949 3443 1040 3539 inde
1054 3447 1249 3523 orationis

273 3545 485 3632 grauitatem
491 3544 643 3623 aetatis
653 3541 752 3616 duae
767 3528 975 3646 elegantia
978 3549 1145 3646 quodam
1163 3573 1250 3640 mq-

273 3642 309 3714 do
326 3647 456 3733 imbui,
482 3637 662 3748 adeoque
680 3646 928 3750 dignitatem
931 3671 1021 3729 cum
1040 3652 1252 3749 venustate

275 3737 463 3824 consociari
488 3749 609 3849 poffe.
658 3748 751 3827 Hos
763 3751 882 3830 Maro
904 3741 1085 3836 aditores
1102 3739 1253 3850 habuit,
1324 3815 1328 3828 .
1379 3737 1383 3744 ¹

274 3869 340 3925 cum
352 3863 468 3928 tanto
482 3856 635 3930 maiore
648 3853 774 3928 ruach
787 3841 911 3942 laude
925 3852 1195 3956 quodEnnius
1211 3812 1258 3941 el
1286 3945 1288 3950 ,
1401 3931 1407 3938 .

276 3961 407 4040 caeteri,
406 3961 492 4060 qui
507 3957 813 4075 praemiserant:
826 3959 873 4034 de
886 3966 1077 4036 orationis
1094 3965 1255 4060 elegan-

276 4059 315 4131 tia
327 4071 364 4134 et
373 4058 528 4136 ornatu'
540 4054 782 4158 castigatiore
797 4085 940 4164 parum
950 4067 1244 4147 laborademna

330 4266 438 4352 xlv
459 4267 607 4353 Placet
622 4289 729 4346 nunc
742 4271 782 4345 in
797 4269 876 4377 fine
887 4271 1071 4360 subiicere
1084 4277 1260 4362 nonnul

279 4363 358 4446 lact
379 4396 478 4479 per
481 4368 659 4455 saturam
681 4396 872 4461 monere
855 4381 1264 4562 quihusdgicqqirqilq
