3567 5400
320 528 393 606 DE
416 524 618 621 CARMI
634 524 1093 617 Erremvmmn
1129 551 1242 615 xxm

274 719 413 793 nandum
426 730 468 795 et
482 718 803 819 mnplificnndum
821 730 1109 817 argumentum
1132 717 1241 799 recca

273 827 315 897 vti
327 826 454 920 potuit.
507 825 599 899 Hoc
614 848 693 902 vno
709 825 779 898 suo
794 827 932 907 indicio
947 824 1114 923 plurima
1129 836 1241 923 praei

273 926 353 999 dara
364 928 546 1004 carminis
559 929 614 1003 sui
631 928 819 1027 praefidiu
834 940 878 1002 et
890 931 1114 1005 uberrimos
1130 929 1241 1003 tinea

272 1041 323 1101 nn
345 1033 430 1103 tulit
452 1032 584 1105 Maro.
644 1031 738 1107 Non
768 1054 900 1108 nonus
929 1045 973 1107 et
1000 1035 1162 1127 ignotus
1183 1028 1240 1107 est

270 1131 451 1209 littoribus
474 1156 611 1211 rerum
628 1136 844 1233 priscarum
864 1138 1006 1213 notitia
1024 1137 1151 1231 aliqua
1167 1138 1241 1212 im.-

272 1237 500 1319 butisheros‚
523 1241 638 1314 cuius
655 1236 738 1320 iata
752 1238 819 1313 ilie
832 1242 1022 1338 exponit,
1048 1262 1122 1313 nec
1136 1238 1241 1313 Tro„

271 1339 421 1416 imorum
444 1363 592 1427 nomen
609 1343 926 1421 actbrtnnatam
943 1336 1121 1424 obscura,
1144 1343 1241 1435 quin
1267 1408 1268 1411 ,

271 1444 304 1515 ab
321 1447 419 1518 initio
440 1446 569 1519 statim
590 1445 841 1528 miseratione
859 1442 1079 1521 afficiamur
1099 1456 1142 1519 et
1159 1447 1242 1521 vira

270 1552 345 1621 tutis
361 1551 629 1623 admiratione.
678 1549 858 1634 Deorum
880 1544 1012 1625 au'tem
1037 1551 1244 1623 interuen-

269 1664 330 1733 ωε,
353 1652 516 1725 lunonis
531 1664 573 1725 et
591 1650 763 1729 Veneris
777 1654 858 1727 irae
872 1667 912 1727 et
927 1652 1066 1739 studia,
1090 1676 1137 1726 ac
1151 1675 1242 1749 par-

269 1763 314 1827 tes
331 1757 371 1831 i'n
391 1756 640 1839 tribuendae,
672 1758 829 1853 egregie
848 1772 965 1831 erant
986 1759 1060 1829 iarn
1081 1758 1127 1829 ab
1153 1755 1241 1834 Ho·.

270 1879 354 1931 nero
373 1858 571 1933 definitae.
619 1856 788 1953 Quando
810 1862 942 1965 itaque
963 1863 1091 1979 primo
1111 1858 1241 1965 statim

268 1957 433 2040 Aeneidis
449 1962 623 2057 ingreffn
638 1960 804 2038 lunonis
823 1987 945 2039 memor
961 1990 1033 2047 rra,
1054 1964 1242 2065 irnrmnqut

268 2063 369 2169 ruffae,
377 2061 540 2174 firmique
558 2064 682 2140 dolores
703 2080 990 2151 memorantur,
1017 2068 1104 2141 odia
1121 2066 1242 2139 luno-

268 2170 314 2241 nia
335 2194 385 2243 ex
406 2172 596 2245 Homero
618 2168 744 2244 statim
769 2170 1006 2248 succurrunt
1028 2170 1176 2267 legenti
1199 2184 1243 2241 et

244 2309 245 2322 ι
268 2272 323 2346 iun
339 2274 385 2349 ab
407 2261 526 2347 iiiitio
541 2296 703 2367 grauem
718 2274 766 2349 de
783 2275 948 2352 Aeneae
961 2274 1125 2353 fortuna
1141 2272 1243 2350 solli·

266 2380 454 2453 citudinem
470 2380 653 2453 iniiciunt
666 2378 715 2469 ²²).

317 2552 420 2630 vni.
434 2552 590 2631 Poetae
604 2552 815 2627 sollertiam
833 2565 874 2630 et
887 2577 1049 2631 acumen
1066 2558 1181 2628 etiam
1202 2556 1243 2629 in

265 2652 322 2732 hoc
339 2656 503 2759 spectari
527 2658 638 2742 volo,
665 2660 767 2754 quod
789 2681 868 2732 non
886 2662 1071 2734 modoex
1088 2653 1243 2732 nobilii-

265 2759 334 2836 sma
350 2766 603 2859 antiquitatis
623 2776 754 2862 parte,
779 2765 905 2858 qualis
926 2785 1060 2838 rernm
1082 2763 1243 2837 Troica·

265 2885 331 2939 mm
353 2868 427 2952 est,
451 2888 598 2942 verum
621 2869 737 2940 etiam
760 2890 812 2939 cx
827 2871 882 2940 'eo
902 2883 1128 2966 temporum
1150 2869 1245 2942 urti-

265 2970 331 3041 cuio
351 2970 553 3046 Aeneidis
577 2985 853 3065 argumentum
878 2971 1011 3055 duxit,
1052 2974 1116 3068 qui
1140 2973 1246 3047 intra

264 3092 458 3165 pancorum
483 3095 685 3146 annorum
706 3069 910 3149 decursum
938 3077 1141 3170 ingentem
1164 3078 1246 3148 vim

264 3175 442 3253 illustrium
460 3177 685 3252 facinorum
699 3201 745 3252 ac
759 3177 1065 3252 memorabilium
1083 3177 1244 3252 casuum

244 3283 606 3411 ›conneriionesque
628 3287 762 3354 rernm
787 3281 983 3356 mirabiles
1007 3305 1095 3356 cum
1119 3278 1250 3378 Grae·¹
1363 3320 1366 3335 ·

244 3426 245 3459 r
263 3385 324 3454 riae
340 3401 380 3459 et
392 3386 522 3461 Asiae
539 3398 625 3460 tum
639 3379 774 3460 ltaliae
796 3383 1106 3484 comprehendit.
1143 3383 1246 3460 Nam

262 3492 367 3563 exciso
386 3491 465 3565 llio
486 3489 563 3561 dici
578 3491 648 3562 uix
667 3487 813 3588 potest,
836 3501 1085 3586 quantopere¹
1102 3489 1246 3584 ubique

263 3593 438 3670 turbatum
461 3592 527 3666 fit.
576 3588 680 3668 Visti
706 3589 956 3690 victoresque
975 3593 1021 3666 ad
1041 3615 1166 3666 nouas
1191 3588 1251 3664 se-'

261 3691 312 3768 des
334 3695 594 3794 quaerendas
620 3717 693 3794 per
718 3707 850 3771 totum
879 3712 1078 3780 terrarum
1108 3695 1246 3768 orbem

261 3793 387 3900 disperii
401 3800 668 3896 'vagabantur
681 3799 757 3891 ῃ),
781 3816 824 3874 et
844 3799 982 3876 versus
1000 3801 1247 3874 occidentem

262 3909 427 4002 maxime,
452 3907 529 4000 qtri
547 3916 629 3978 tam
644 3927 783 4004 parum
799 3903 924 3977 adhuc
941 3901 1107 3976 Graecis
1125 3917 1247 3980 notus

261 4021 344 4107 crat,
373 4025 424 4089 vt
444 4007 598 4086 Circes
617 4005 780 4084 insulam
798 4005 999 4101 (Circeios
1020 4005 1145 4097 Latii)
1173 4029 1247 4106 pro

1055 4128 1248 4188 extremis

287 4245 315 4318 ‘i
335 4249 423 4310 conf.
440 4244 579 4310 Exorari.
597 4247 634 4304 Ι*
650 4248 690 4305 ad
705 4245 758 4306 lib.
774 4247 797 4307 l.

275 4346 315 4423 “J
329 4357 474 4436 Egrngns
489 4352 734 4414 enormiorem
748 4351 898 4416 Strabonis
914 4353 996 4412 locus
1010 4351 1058 4416 lib.
1071 4353 1094 4423 1,
1109 4374 1137 4428 p.
1155 4363 1195 4426 48
1211 4353 1248 4420 B,

320 4457 347 4500 rt
360 4445 408 4502 ne.
424 4449 478 4512 tn,
497 4463 533 4518 p.
553 4455 607 4510 ¹30
622 4439 659 4496 Α.
