3567 5400
416 606 420 615 ·
510 554 620 659 ‘'t'n
658 560 892 661 tinniit
925 558 990 659 ι’
1179 602 1258 683 no·

249 786 299 845 que
314 750 429 827 obieiia
442 762 482 825 est
490 736 665 843 hegimumis
678 760 767 821 insula
781 748 834 833 ide
848 780 905 839 qua
917 747 980 840 sup.
989 762 1065 825 adv.
1074 775 1245 841 tot-tra).

246 858 274 914 in
289 856 360 913 antri
374 852 567 912 aditu'fontes
584 850 695 927 aliquot
707 850 783 909 inter
794 870 883 925 rupee
897 867 1108 927 prorumpunt3
1128 855 1160 913 in
1175 876 1244 931 pro·

246 938 335 1017 (pean
349 942 455 1017 passim
469 936 566 997 sedilia
582 957 598 996 e
613 934 781 1007 murriano,
806 934 912 1013 quibus
930 957 1034 1013 operae
1053 941 1122 999 oiim
1136 960 1243 1019 peper-

248 1040 350 1099 cerant,
370 1030 444 1087 dum
461 1038 575 1085 caetera
591 1022 772 1083 exciderent.
802 1024 890 1085 Hono
903 1026 1001 1084 locum
1015 1025 1114 1103 itaque
1127 1034 1245 1091 saarim

246 1120 367 1181 arauris
384 1134 417 1188 p.
435 1126 497 1185 159.
528 1108 566 1172 ei.
584 1129 718 1185 mappam
735 1128 833 1189 geogr.
851 1112 888 1168 ad
905 1131 935 1185 p.
954 1116 1026 1183 146)
1049 1126 1151 1188 poetae
1175 1126 1245 1175 ante

248 1202 338 1259 oeulos
354 1198 440 1259 iuiffe
457 1216 519 1265 non
534 1197 658 1265 dubitat,
682 1198 753 1255 dum
768 1196 867 1255 locum
883 1196 1077 1269 describebat,
1099 1202 1139 1259 ad
1154 1197 1258 1277 quem'

248 1288 351 1347 Aeneas
375 1284 501 1363 appulit.
544 1284 689 1347 Videntur
711 1280 775 1341 iane
793 1282 890 1343 omnia
912 1281 1029 1343 sitiatis
1047 1285 1100 1345 effe
1125 1306 1242 1347 accom-

249 1375 366 1433 modata.
424 1370 549 1431 Accedit
562 1370 644 1427 locus
669 1388 716 1444 ap.
739 1366 891 1429 Caesarem
910 1373 945 1429 de
960 1370 997 1429 Β.
1008 1372 1076 1432 Ciu.
1091 1373 1128 1441 11,
1150 1392 1187 1445 23
1210 1380 1244 1435 C.

251 1464 317 1517 Curio
332 1466 361 1516 in
377 1465 508 1531 Africum
518 1462 819 1531 proserius-appetiit
834 1462 874 1512 ad
887 1479 944 1514 eum
958 1462 1056 1525 iocum
1088 1466 1134 1533 piri
1148 1466 1242 1533 appel·
1293 1519 1296 1526 ,

250 1550 315 1603 intur
325 1550 489 1621 idptiioria.
509 1560 513 1567 '
533 1548 584 1601 Hir
598 1548 667 1599 iocur
682 1546 752 1611 abest
768 1562 787 1597 a
801 1547 897 1617 Clupea
903 1549 1025 1616 poffisum
1046 1548 1136 1605 XXII
1148 1552 1243 1613 miliia,

250 1638 363 1707 iubetque
387 1654 440 1690 uon
454 1635 644 1689 incommodam
659 1636 756 1699 oesiam
765 1634 924 1697 stationem}
954 1635 1092 1689 reditibus
1105 1637 1242 1691 eminenti.

251 1724 289 1777 tur
303 1723 502 1793 promeruerim
516 1722 669 1775 continetur.
711 1713 901 1793 intelligenda
924 1712 1031 1776 scilicet
1045 1717 1116 1777 haec
1139 1724 1243 1779 eadem

251 1808 299 1863 duo
322 1802 530 1881 promontoria
545 1800 686 1878 Apollinis
704 1812 734 1859 ot
748 1801 886 1871 Mercurii
905 1799 989 1877 supra
1005 1816 1242 1865 commemorata.

251 1890 327 1951 insola
351 1906 454 1951 tamen
469 1888 635 1964 strupulum
648 1886 743 1947 facere
761 1887 869 1963 potest,
901 1887 1110 1967 srAegimurus
1125 1892 1175 1950 illa
1188 1890 1244 1959 eii.¹

252 1999 306 2037 mm
320 1980 450 2037 eandem
466 1976 544 2035 illam
559 1994 613 2051 per·
628 1974 701 2033 Aras
719 1972 860 2033 declarari
874 1972 959 2049 supra
973 1976 1146 2037 viderimus.
1183 1979 1243 2037 Sed

252 2064 435 2143 Aegimurum
458 2060 507 2121 seu
523 2064 595 2121 duas
613 2060 707 2136 potius
723 2057 849 2130 insulas,
870 2065 1014 2128 cimbros.
1041 2061 1090 2123 seu
1103 2072 1243 2125 manso.

252 2174 296 2217 rer,
313 2152 351 2213 ita
369 2150 427 2210 effe
440 2148 528 2219 ittae,
552 2148 669 2219 constat,
691 2158 725 2207 vt
739 2144 791 2222 ipsi
805 2145 945 2207 Mercurii
959 2151 1158 2223 promontorio
1175 2149 1243 2210 iob·
1323 2177 1333 2204 e

252 2234 331 2297 iacere
354 2236 538 2304 videantur,
568 2234 662 2293 maior
677 2234 795 2310 quidem
812 2244 937 2309 quatuor
950 2236 1068 2307 leucas,
1101 2249 1130 2298 at
1145 2235 1244 2297 minor

253 2344 337 2397 pamm
354 2334 472 2383 remota
486 2342 502 2379 a
515 2321 621 2379 littore.
665 2320 765 2381 Potuit
778 2318 867 2398 igitur
883 2324 921 2381 ad
937 2322 1076 2380 maiorem
1090 2343 1157 2398 pars
1172 2322 1241 2383 olai·

253 2409 471 2476 hadhaerere3
496 2419 525 2467 at
540 2409 629 2469 altera
644 2404 739 2465 minor
755 2402 893 2467 habeatur
908 2424 963 2482 pro
977 2408 1067 2467 insula
1081 2409 1174 2469 littori
1188 2413 1241 2469 ob·

252 2492 780 2567 tar.1vmnssanev.164.165
806 2512 865 2551 non
888 2492 966 2553 teile
990 2493 1242 2558 incontinentem

251 2582 374 2643 hauriert
389 2587 529 2647 &avim
550 2578 600 2639 sed
617 2592 651 2640 et
659 2578 716 2654 ipsa
729 2578 821 2639 insula
837 2579 907 2639 olim
921 2579 997 2639 iiluia
1013 2581 1102 2641 obsita
1116 2582 1170 2641 effe
1187 2604 1240 2658 po·

221 2669 301 2736 tit
321 2668 428 2730 Potuit
440 2667 528 2731 etiam
542 2679 630 2743 poeta
644 2686 747 2726 ornare
763 2668 871 2738 locum,
891 2677 941 2726 aut
954 2665 1034 2746 sequi
1048 2666 1165 2739 famam,
1183 2688 1243 2746 qua

221 2749 392 2836 Aegimuri
404 2755 515 2830 stopuli
525 2754 594 2812 olim
612 2751 700 2812 insula
710 2752 788 2814 fuiffe
801 2757 1044 2822 memorabantur
1066 2758 1129 2816 Nec
1144 2767 1242 2814 tamen

221 2837 352 2916 'poetam
368 2841 499 2902 leuitatis
517 2851 548 2900 et
560 2840 693 2900 vanitatis
711 2837 843 2900 accusare
859 2841 1028 2916 poiiemut,
1044 2861 1080 2900 ne
1097 2854 1165 2902 mm
1175 2843 1240 2918 qui·

251 2932 325 3002 dem,
356 2929 513 2988 hnuilum
536 2927 620 2986 huius
637 2929 770 2986 locorum
792 2927 859 2988 srtut
875 2927 1056 3006 vestigium'
1046 2951 1078 2988 m
1100 2928 1240 2989 Africano

221 3039 223 3090 ξ
250 3015 332 3076 littore
350 3035 433 3076 nune
460 3025 657 3090 compareret.¹
696 3015 813 3073 Totum
834 3014 912 3082 enim
928 3014 1006 3075 istim
1029 3015 1137 3076 natta
1159 3015 1240 3076 littus

250 3105 323 3162 mant
339 3102 452 3162 alluuie
469 3101 634 3166 incredibili
649 3101 738 3160 modo
754 3101 792 3160 est
806 3101 1008 3171 immutatum,
1031 3116 1071 3172 et,
1095 3105 1174 3179 quod
1193 3103 1241 3162 vei

251 3207 279 3247 tx
296 3190 406 3249 Shavio
423 3187 487 3248 fatis
504 3199 641 3263 apparet,
666 3189 831 3262 procedunt
845 3209 921 3248 nunc
937 3189 1034 3250 littora
1051 3189 1127 3249 inter
1141 3188 1239 3250 Rosci·
1276 3181 1280 3188 ’

251 3295 345 3334 nonem
362 3289 394 3334 et
409 3275 617 3352 Carthaginem
634 3275 724 3332 multo
739 3273 821 3334 altius
835 3273 866 3332 in
880 3295 972 3343 mare,
996 3296 1083 3350 quam
1094 3276 1176 3336 olim.
1210 3274 1242 3336 Si

251 3365 303 3436 qus
321 3365 400 3422 vltra
424 3361 528 3422 instare
551 3374 580 3420 et
596 3359 764 3422 calumniari
778 3360 866 3430 velit,
888 3380 905 3420 a
919 3374 1017 3423 monte
1028 3382 1086 3438 per
1101 3362 1242 3424 §havium

221 3481 222 3484 =
251 3449 389 3526 designato
413 3451 452 3508 ad
477 3447 683 3526 Carthaginem
706 3467 800 3523 vique
822 3448 955 3507 locorum
978 3450 1162 3510 interuallum
1187 3449 1240 3513 effe

251 3539 332 3594 mrim
350 3537 449 3605 forte,
482 3555 569 3610 quam
585 3547 618 3594 vt
632 3536 723 3594 altero
738 3534 785 3596 die
801 3533 915 3594 Aeneas
940 3535 1062 3596 nauibus
1076 3535 1241 3614 progreffut

251 3619 303 3680 iaris
321 3637 436 3682 mature
454 3621 661 3700 Carthaginem
677 3620 829 3698 peruenire
847 3622 993 3698 potuerit,
1025 3643 1093 3682 eum
1109 3623 1240 3682 dicernat

221 3755 222 3758 ,
251 3725 358 3780 poetam
370 3711 403 3768 in
412 3708 549 3768 ordinem
563 3726 668 3788 cogere
679 3721 707 3768 et
721 3707 850 3768 historiae
862 3706 1000 3774 seueriori
1008 3709 1067 3788 legi
1078 3708 1243 3770 obnoxium

254 4395 291 4456 ue
306 4399 379 4464 sunt

250 3793 346 3856 iacere.
394 3797 553 3856 Caeterum
567 3795 637 3854 haec
653 3807 682 3854 et
696 3793 744 3854 illa
756 3791 818 3869 supi.
835 3795 872 3854 ad
885 3794 1050 3870 mtosssqq,
1065 3795 1163 3870 paullo
1175 3792 1240 3852 sob-

249 3881 317 3938 tiim
334 3879 488 3958 disputaiie
503 3903 562 3942 non
574 3879 743 3958 poenitebit,
757 3880 890 3957 inprimis
904 3881 925 3940 si
937 3879 1158 3956 descriptionem
1171 3901 1241 3960 geo·

254 3969 411 4042 graphicum
432 3985 566 4028 errorum
582 3971 717 4037 Aeneae,
742 3967 834 4044 qualis
856 3967 915 4045 ipsi,
932 3967 1054 4048 Virgilio
1081 3967 1244 4028 Burmanni

253 4057 376 4126 praefixa
396 4055 452 4126 eii,
480 4054 637 4130 inspexerit
650 4054 772 4130 aliquirt
793 4053 825 4119 in
839 4075 896 4130 qua
908 4055 1113 4131 Nympharum
1126 4068 1244 4115 antrum

253 4141 319 4199 eitra
340 4141 482 4202 Mercurii
496 4142 726 4218 promontorium
741 4139 840 4206 versut
859 4141 959 4217 Syrtin
983 4141 1146 4213 minorem,
1169 4162 1243 4206 nau·

252 4225 368 4302 ingiam
391 4247 466 4288 vero
491 4229 580 4292 cumr
603 4231 639 4288 ed
656 4226 755 4306 Syrtin
771 4226 931 4295 maiorem,
954 4243 983 4288 et
1001 4247 1045 4289 ex
1063 4231 1152 4290 altera
1174 4247 1243 4304 par·

253 4323 278 4368 te
290 4315 383 4374 asae
373 4337 407 4378 m
420 4314 551 4398 partibus
567 4313 793 4380 occidentalibus
807 4315 882 4376 vltra
901 4313 1109 4397 Carthaginem
1126 4313 1242 4392 exprei·

1066 4486 1244 4550 excvtt·
