3567 5400
528 518 610 601 uu
645 515 875 597 ntanvu
909 516 969 597 vr
1190 518 1250 621 m

246 706 330 779 ὡς,
349 714 497 771 mmm
518 712 550 764 et
569 699 710 763 acomite
731 713 831 761 remam
851 696 1017 761 suturarum
1039 698 1249 777 expositionem

244 800 341 865 discip,
374 792 508 873 Vestigiis
519 788 581 851 eius
592 787 656 849 [atis
669 784 836 863 obsequiolo
845 787 947 847 institit
958 792 1103 851 Nmitds's
1113 792 1226 855 austor-

290 904 320 964 A
332 898 452 978 magieis
466 889 629 973 praestigiis
636 905 667 953 et
684 892 907 970 incantamentis
923 892 1046 952 retruxit
1064 905 1094 955 et
1112 900 1151 957 ad
1165 910 1250 960 vete-

244 1010 315 1052 rum
330 986 450 1065 relligio
461 978 748 1062 tegenda-reuocauit
766 979 838 1039 alios
855 977 916 1055 ipsa
936 981 1119 1059 augmenti,
1141 984 1173 1044 in
1188 1006 1248 1063 quo

245 1072 458 1143 versabuntur,
479 1069 628 1131 interdum
639 1079 805 1144 temporum
820 1086 938 1143 quoque
955 1076 985 1125 et
1004 1068 1173 1143 hominum,
1199 1074 1247 1135 in.

244 1175 293 1223 ter
312 1179 388 1239 quos
408 1157 569 1228 sistebant,
591 1165 704 1213 nature.
755 1152 796 1213 Hi
814 1150 876 1212 sere
893 1152 1005 1215 advisa
1019 1170 1051 1213 ao
1068 1154 1176 1219 somnia
1195 1161 1246 1221 de.

245 1248 315 1327 lepti
336 1246 421 1317 sunt,
443 1243 550 1321 quibus
568 1238 683 1301 firnuos
704 1236 784 1299 casus
803 1239 967 1315 praediiios
984 1242 1174 1317 exhiberent,
1197 1260 1248 1311 aut

243 1334 392 1405 Palatium
403 1333 543 1391 Fatorum
558 1325 716 1388 commenti
727 1324 810 1397 sunt,
832 1330 948 1387 remed
964 1334 1167 1391 exornandum
1179 1331 1251 1399 satis.

244 1422 377 1485 obuiam.
419 1420 498 1489 lutra
509 1416 589 1475 idem
607 1430 763 1474 commuue
779 1412 936 1476 multorum
956 1413 1107 1477 inuentum
1128 1416 1249 1483 substitit

243 1508 522 1569 subternominatis.
565 1502 642 1565 Nan
655 1513 783 1561 emotae
800 1499 831 1558 S.
847 1499 1004 1563 Ludouico
1024 1515 1120 1563 tuente
1140 1508 1247 1566 ilenri-

244 1617 299 1657 eus
317 1597 456 1669 abreptus
478 1600 614 1669 peragrat
632 1589 747 1647 eaelum
766 1604 800 1646 ao
816 1584 925 1658 sideru,
948 1588 1059 1668 regiam
1074 1592 1122 1651 dei
1128 1632 1140 1663 ,
1164 1594 1244 1653 Tar·

243 1692 343 1743 tarum
362 1692 393 1741 et
409 1675 558 1755 Elysium,
577 1678 718 1757 tandem,
739 1672 794 1737 vbi
809 1676 846 1733 ad
859 1676 998 1735 Fatorum
1019 1679 1157 1753 palatium
1174 1702 1249 1759 pem,

243 1770 346 1838 venit,
374 1783 495 1835 eorum,
518 1761 569 1840 qui
589 1760 757 1833 nascentur,
778 1752 927 1821 stmrulacra
945 1774 974 1821 et
993 1756 1089 1827 εἴδωλα
1111 1764 1248 1842 dispicite

245 1854 347 1915 omnia
361 1849 479 1911 truiiuto
496 1846 561 1909 sunt
580 1860 642 1909 arte
660 1846 727 1907 satis
746 1846 879 1927 vulgari,
902 1860 931 1908 et
945 1848 1077 1927 argutius
1091 1854 1182 1915 multo
1196 1876 1244 1915 re·

243 1941 336 2019 petita
348 1937 380 1999 iu
395 1932 594 1999 Aurelianeuii
615 1936 730 2012 puella3
752 1932 804 1993 nist
822 1937 903 2010 quod
918 1938 1083 2011 praeclarus
1103 1938 1185 1999 locus
1201 1939 1244 2002 set

245 2027 367 2104 quitur,
389 2023 443 2093 obi
456 2021 577 2085 Heurici
594 2020 787 2097 posteritatem
807 2039 942 2081 enarrare
964 2023 1087 2085 ordiner.
1129 2028 1246 2091 quenti

244 2113 408 2175 nouitatem
421 2115 456 2171 'vt
469 2109 501 2169 in
515 2107 636 2186 reliquis
650 2105 788 2167 meminis
800 2106 931 2183 partibus
951 2106 992 2169 ita
1007 2123 1037 2171 et
1050 2110 1080 2171 in
1100 2112 1153 2175 hac
1170 2115 1242 2175 dest·

243 2204 332 2261 deret
354 2198 386 2257 in
406 2195 600 2259 CoIttmbiade
617 2200 799 2265 (consultam
818 2200 851 2250 de
866 2202 933 2255 ΜΝ
951 2203 988 2253 du
1007 2204 1125 2273 Boccage
1147 2200 1247 2263 Chant

241 2288 309 2360 IX).
343 2287 451 2345 Zamae
462 2282 559 2343 anima
569 2283 606 2342 ad
615 2282 794 2343 columbum
808 2280 845 2339 de
858 2282 938 2363 caelo
954 2282 1066 2358 delapsa
1081 2308 1140 2347 non
1155 2293 1245 2351 modo

242 2372 360 2435 futuros
374 2370 514 2430 Columbi
528 2364 608 2431 casm
628 2366 678 2429 [ed
697 2365 785 2427 totius
797 2366 935 2443 Europae
952 2368 1009 2427 fata
1021 2370 1086 2431 setis
1101 2376 1137 2431 ab
1156 2396 1244 2455 argu.

243 2457 460 2521 mentoaIieue
478 2454 608 2531 exponit.
651 2461 744 2514 Puella
756 2460 950 2524 Aurelianenfis
964 2462 1099 2531 Capeliani
1115 2480 1174 2520 nou
1189 2456 1248 2523 nii.'

243 2567 300 2605 nus
314 2547 428 2605 laborat
441 2540 474 2602 iu
487 2562 522 2603 eo
536 2538 668 2619 episodio
684 2540 769 2611 (Libr
781 2540 875 2611 ltu),
900 2560 958 2617 quo
974 2540 1005 2600 in
1019 2554 1102 2603 antro
1117 2546 1243 2609 Marcus·

242 2633 296 2711 phi
311 2630 467 2701 eremitae,
491 2646 548 2707 per
567 2626 660 2689 visum
675 2625 811 2704 precibus
826 2637 858 2687 et
875 2628 1043 2689 nouendiali
1065 2630 1144 2691 sacro
1164 2634 1243 2695 effla·

243 2720 388 2800 pilatum,
423 2715 497 2796 Regi
522 2715 629 2776 Carolo
653 2733 720 2775 cum
742 2711 825 2774 sociis
847 2710 946 2774 futura
967 2714 1025 2777 fata
1050 2717 1145 2798 angeli
1168 2743 1242 2782 voce

243 2817 427 2866 enarrantur.
470 2802 551 2866 Miris
566 2799 661 2861 modis
672 2800 808 2862 Veritatis
821 2797 867 2859 seu
880 2801 1018 2862 Fatorum
1033 2805 1131 2865 verius
1148 2807 1242 2868 Tem.

242 2895 328 2969 plum
347 2887 494 2966 descripfit
509 2887 642 2965 explosis
663 2908 680 2948 a
694 2884 841 2964 plerisque
855 2901 940 2962 poeta
956 2890 1245 2974 Galluslfflermarets

242 2977 445 3039 monteclaro
453 2977 517 3049 IV).
543 2973 679 3036 clotildis
692 2993 709 3034 a
722 2975 752 3034 S.
759 2973 879 3054 Virgine
892 2995 927 3034 eo
944 2975 1068 3037 deduaa
1080 2977 1110 3036 in
1126 2983 1242 3059 cryllal.

241 3065 310 3126 linis
331 3063 489 3142 parietibus
508 3061 607 3122 sutum
626 3058 729 3122 diserte
748 3057 814 3123 satis
836 3059 993 3140 cognosoit.
1036 3067 1244 3130 Necromantia

240 3153 288 3214 vti
298 3157 394 3212 bonus
410 3157 563 3224 Ronsardur
582 3147 627 3217 (iu
638 3154 789 3208 Franciade
798 3145 867 3206 Liu.
874 3149 927 3220 IV)
945 3169 1002 3208 non
1015 3149 1139 3231 refugit3
1163 3159 1242 3215 etad

242 3237 310 3298 Silii
323 3237 384 3299 sere
405 3239 572 3313 exemplum
592 3233 720 3303 Alarico,
744 3235 816 3292 dum
829 3250 882 3310 per
898 3253 931 3293 ea
946 3237 1010 3296 loca
1030 3239 1126 3316 copias
1149 3243 1242 3312 ducit,

241 3339 361 3385 antrum
382 3322 548 3384 Cumanum
571 3321 695 3402 ingresso
718 3319 827 3398 Sibylla
847 3321 877 3379 in
899 3319 1082 3400 conspeiium
1102 3326 1241 3404 prodiens

241 3411 342 3474 sutura
354 3411 413 3472 sata
428 3409 520 3486 aperit
531 3415 645 3483 (Ataric
658 3430 690 3467 oo
703 3413 782 3468 Rom
798 3414 905 3466 ναίηται
923 3409 991 3470 Liu.
1006 3413 1057 3484 Χ).

285 3513 337 3574 Eli
350 3520 462 3583 Melino,
484 3531 601 3574 carmen
611 3511 740 3590 epicum,
761 3511 878 3580 auiiore
896 3513 979 3574 Gallo
997 3521 1119 3586 (Prinas
1130 3520 1163 3574 de
1176 3523 1244 3576 Fon-

239 3609 365 3670 remees,
392 3605 508 3668 Mastia,
529 3622 570 3659 ou
582 3605 793 3660 Psote-Adam
816 3614 872 3659 etc.
896 3601 963 3660 Par.
985 3610 1099 3678 1749),
1122 3601 1173 3678 qui
1193 3601 1245 3664 fibi

243 3686 361 3767 egregie
376 3686 409 3748 in
425 3706 460 3746 eo
474 3687 591 3766 placet„
611 3690 692 3764 quod
706 3686 736 3746 in
749 3685 967 3747 Pandaemonio
988 3687 1085 3764 aliquo
1102 3689 1244 3766 Equitum

241 3774 426 3834 Rhodiorum
439 3772 497 3834 frti
511 3794 528 3834 a
542 3774 643 3834 suuni
659 3773 844 3851 aperiuntur,
868 3773 919 3849 qui
930 3771 1140 3834 Insuladamum
1156 3773 1182 3834 se
1197 3795 1243 3835 ar·

242 3859 354 3922 bitrum
369 3859 507 3922 orationis
524 3861 629 3920 babere
641 3859 768 3940 ignorat.
811 3858 968 3920 Neminem
982 3859 1078 3920 tumori
1089 3860 1153 3921 vidi
1167 3861 1244 3921 inter

244 3947 346 4006 Gallos
367 3946 484 4027 ingenio
508 3945 598 4028 magis
619 3947 804 4016 luxuriante,
826 3967 933 4022 quam
963 3969 1049 4024 quem
1066 3969 1143 4008 nunc
1162 3969 1243 4008 com·

244 4036 414 4093 memorabo
430 4039 485 4105 (aa
496 4041 590 4104 Μυίας,
611 4039 640 4094 S.
651 4040 746 4104 Loris,
768 4054 807 4094 ou
821 4039 851 4092 la
867 4039 912 4093 Str
928 4037 1058 4094 conrnune
1069 4043 1241 4110 reconquise).

244 4119 335 4194 Apud
355 4119 433 4178 hunc
450 4120 545 4198 primo
566 4119 635 4192 (lib.
650 4119 699 4193 V)
720 4119 931 4180 Necromantes
955 4122 1118 4202 Aegyptius
1143 4123 1243 4183 Manes

244 4202 367 4276 euofcat,
389 4220 423 4266 vt
436 4205 554 4267 Sultano
567 4205 736 4284 praedicant
750 4207 819 4266 belli
831 4206 960 4275 exitttnr3
983 4204 1064 4285 quod
1077 4229 1149 4272 vero
1164 4207 1194 4266 in
1208 4227 1244 4270 eo

244 4291 373 4350 nouitate
388 4289 437 4352 l'ua
450 4295 564 4368 placet,
587 4293 637 4364 est,
659 4291 830 4372 quodcirca
844 4293 1002 4369 Memphim
1017 4297 1054 4354 ad
1069 4295 1243 4374 Pyramides

243 4391 274 4436 et
293 4376 371 4439 inter
389 4377 503 4458 Regum
524 4377 653 4456 sepulcra
666 4381 716 4443 itta
730 4377 807 4442 sacra
823 4394 981 4456 parantum
1005 4395 1068 4446 tum
1092 4383 1154 4456 (lib.
1167 4383 1243 4456 VIII)

283 4481 425 4529 orioro.
445 4473 514 4527 rm.
525 4471 559 4529 11
790 4463 865 4528 ute·
1138 4467 1243 4531 &Lu-
