3567 5400
498 544 502 550 ’
559 575 634 654 an
672 576 900 654 uranum
934 576 974 654 u
1211 591 1275 664 m

271 751 334 832 §liv
349 755 407 818 boe
429 755 509 818 idem
525 776 642 820 carmen
657 757 839 836 designatur,
871 761 953 836 quod
974 757 1101 835 lyricum
1123 757 1204 819 fuisse
1227 759 1274 819 vi·

275 848 379 916 detur,
410 843 462 904 sub
485 852 626 906 Hennaea·
649 844 786 915 nourine3
825 860 887 905 erat
917 857 1013 904 autem
1046 844 1198 906 Stesichori
1223 865 1275 921 pan

274 932 327 990 tria
347 932 468 991 Himera
493 933 624 1002 Siciliae,
648 935 779 1008 adeoque
804 935 876 991 male
900 931 969 992 inde
994 955 1103 1000 nouum
1127 933 1278 1000 auslorem
1322 931 1323 938 ’

276 1019 407 1079 nonnulli
422 1019 609 1080 effinxerunt.
653 1019 751 1078 Etiam
765 1018 796 1078 in
811 1019 895 1079 Iliaca
911 1021 1028 1080 Tabula
1042 1019 1276 1090 interaudiens,

277 1104 414 1182 equibus
429 1105 534 1166 artifex
547 1107 666 1167 Iliadem
681 1103 834 1183 suppleuit,
855 1103 925 1166 lata
940 1110 1029 1187 «spots
1042 1103 1118 1166 narni
1132 1107 1277 1182 Στησίχοι

273 1192 447 1271 perlegitur.
491 1193 556 1254 Alia
570 1189 641 1253 ’sale
660 1197 769 1274 aspris,
792 1213 812 1254 a
832 1192 984 1253 Stesichori
1004 1195 1130 1256 carmine
1153 1192 1279 1274 diuersa,

277 1277 441 1339 aPausania
448 1281 487 1350 X,
501 1297 550 1354 25.
565 1284 607 1341 26
622 1291 810 1351 memoratur,
834 1293 863 1342 et
876 1280 995 1356 quidem
1008 1280 1132 1340 Lesehei
1144 1281 1279 1350 nominee

278 1363 335 1422 iam
353 1385 422 1424 cum
445 1369 523 1442 apud
537 1365 653 1426 Arissot.
669 1369 752 1426 Poet.
770 1387 797 1425 c.
815 1384 851 1439 23
870 1372 916 1437 (vt
931 1369 1029 1443 paullo
1055 1381 1120 1427 ante
1136 1367 1280 1440 vidimus)

277 1446 360 1534 'lason
376 1457 467 1534 aspum
481 1452 559 1513 inter
573 1465 671 1530 parter
692 1452 788 1512 Iliadis
804 1473 911 1529 paruae
933 1467 1130 1524 memoretur,
1154 1445 1283 1513 dubitari

280 1538 334 1598 vix
357 1539 468 1614 potest,
491 1541 566 1600 hanc
583 1539 752 1600 apausunia
773 1542 919 1600 sandalum
941 1537 1023 1600 'Iason
1046 1547 1136 1622 aspum
1157 1539 1283 1600 Leschel

280 1625 390 1684 nullam
412 1624 498 1690 aliana
519 1624 599 1686 fuisse
624 1647 711 1704 quam
734 1636 845 1702 partem
867 1627 963 1688 Iliadis
980 1647 1086 1703 paruae
1112 1627 1284 1688 eonomine

279 1707 458 1788 inscriptam.
502 1714 646 1773 Memorat
662 1731 701 1772 ex
724 1733 757 1772 ea
770 1711 922 1776 Pausanias
939 1717 1083 1794 Megetem
1097 1715 1284 1774 vulneratum

280 1799 317 1855 ab
333 1797 462 1862 Admeto
480 1799 591 1879 Argiuo
606 1798 639 1858 in
653 1819 751 1878 pugna
767 1801 908 1862 notlurna
924 1799 975 1871 (se.
993 1821 1066 1878 quae
1088 1811 1171 1876 capta
1188 1800 1287 1862 Troia

280 1881 356 1944 satta
372 1885 438 1959 esl),
462 1898 492 1946 et
505 1887 710 1962 Lycomedem
725 1885 860 1948 Creontis
875 1886 899 1947 s.
916 1889 951 1946 ab
966 1889 1120 1966 Agenorer
1143 1887 1286 1947 Aethram

282 1990 299 2030 a
320 1971 390 2032 filiis
412 1972 559 2050 agnitam,
587 1972 788 2050 Astyanaslem
816 1975 854 2034 de
877 1974 952 2036 taarri
975 1975 1137 2042 deiet‘eumr
1168 1975 1287 2034 Aeneae

282 2078 413 2119 onrem
428 2058 619 2136 Eurydicene
643 2059 804 2136 Astynoum
827 2080 846 2122 a
866 2062 1062 2137 Neoptolemo
1085 2061 1288 2129 interfeslumt

283 2145 476 2207 Helicaonem
487 2145 518 2204 in
531 2147 634 2206 eadem
646 2151 826 2221 νυκτομαχίᾳ
837 2149 1037 2216 vulneratum
1062 2149 1207 2208 Eioneum
1222 2167 1286 2208 cae-

283 2227 346 2291 sum
369 2233 619 2308 aNeoptolemo,
647 2233 806 2294 Admetum
828 2254 846 2293 a
867 2233 1047 2303 Philometer
1079 2237 1249 2297 Coroebum
1271 2253 1290 2294 a

284 2316 452 2386 Diomeder
474 2319 625 2378 Priamum
647 2322 684 2378 ab
700 2339 747 2378 ara
763 2319 932 2382 abslraslum
957 2332 985 2382 et
1000 2332 1065 2382 ante
1080 2321 1158 2382 sores
1175 2318 1290 2382 caesum

286 2405 527 2480 aNeoptolem03
543 2405 703 2476 Anionem,
718 2406 827 2465 Priami
841 2406 875 2476 f.,
892 2409 929 2468 ab
937 2411 1104 2484 Eurypylo,
1121 2410 1293 2487 Agenorem

287 2494 520 2565 aNeoptolemo.
553 2493 645 2577 Quod
660 2491 680 2550 sr
694 2492 774 2573 idem
787 2493 940 2554 Pausanias
952 2493 1075 2554 Leschei
1088 2496 1207 2554 Iliadem
1224 2515 1292 2570 par·

286 2579 360 2641 vam
373 2576 500 2639 seorsum
515 2592 667 2649 memorat,
685 2592 719 2638 vt
735 2599 761 2638 e.
780 2585 821 2640 26
836 2601 882 2654 pr.
907 2601 936 2656 p.
955 2587 1027 2650 862,
1045 2575 1199 2641 seientiam
1216 2583 1292 2640 hane

287 2676 404 2744 partem
420 2664 557 2727 campinie
573 2685 590 2725 a
605 2664 719 2743 reliquo
735 2685 857 2743 corpore
874 2687 941 2727 enm
957 2667 1082 2735 habuisse
1098 2679 1226 2744 apparet.

278 2832 283 2839 ¹
332 2766 426 2841 Apud
446 2760 553 2821 Euseb.
577 2759 751 2841 Hieronymi
773 2760 926 2825 MCCLlV
941 2766 1050 2820 mim
1069 2765 1184 2831 erssa,
1207 2772 1291 2833 prae-

287 2862 337 2913 ter
350 2856 533 2923 Μυρὼ,
555 2851 593 2908 de
616 2868 674 2926 qua
698 2871 728 2909 ν.
741 2847 867 2908 Excurs.
883 2850 948 2911 XIX
962 2850 999 2907 ad
1013 2848 1038 2915 l,
1056 2858 1133 2921 489,
1157 2842 1296 2904 tribuitur

289 2945 380 3001 mata
396 2942 512 3007 uastatio
534 2931 616 3007 (Ἰλίε
630 2941 744 3017 umore).
790 2935 867 2997 Cum
889 2954 976 2994 nemo
990 2933 1064 2993 aliut
1080 2932 1167 2993 buius
1188 2926 1294 2989 caruti-

291 3026 337 3085 αἱς
361 3020 548 3095 meminerit,
579 3021 745 3097 interpolati
765 3020 942 3099 Hieronymi
964 3020 1037 3078 leuis
1061 3018 1214 3081 aussoritas
1241 3015 1296 3075 esse

290 3112 396 3192 poffitr
420 3128 488 3169 nam
503 3108 561 3168 fiue
578 3126 617 3167 ex
631 3110 781 3194 margine,
805 3128 864 3185 quo
881 3108 946 3184 quis
963 3106 1060 3166 similis
1077 3104 1212 3165 carminis
1235 3112 1299 3161 erae

292 3200 482 3267 reeordatus,
498 3194 556 3256 siue
572 3215 611 3254 ex
625 3194 861 3272 interpretatione
869 3194 1068 3269 Aetlriopidis‚
1090 3190 1226 3267 irrepsisse
1248 3188 1296 3248 vi·

293 3286 360 3346 deri
383 3282 485 3359 potest.
543 3274 705 3341 Enimuero
727 3301 844 3341 omnem
868 3280 1077 3341 dubitationem
1101 3278 1186 3347 tollit¹
1199 3273 1300 3335 Procli

293 3372 493 3451 fragmentum
515 3384 533 3436 e,
555 3368 729 3428 bibliotheca
749 3370 790 3427 D.
811 3367 922 3437 Marci,
951 3368 982 3425 in
1007 3386 1066 3443 quo
1094 3376 1300 3443 argumentum

293 3456 378 3519 Ἰλίου
395 3451 515 3538 ulfarius
536 3452 566 3526 β’
587 3450 729 3535 ’liparim
746 3454 872 3515 breuiter
887 3453 1055 3529 exponitur.
1101 3452 1301 3526 complexum

295 3547 372 3605 illud
395 3554 459 3603 erat
473 3540 555 3600 libris
572 3542 596 3601 sl
612 3541 758 3605 nouissima
776 3539 907 3611 Troiae,
929 3540 997 3603 inde
1014 3542 1050 3599 ab
1071 3557 1147 3617 equo
1165 3536 1301 3597 Troiano

296 3618 334 3693 ab
351 3629 474 3691 Achiuis
490 3626 604 3701 relitlo,
627 3641 656 3689 et
669 3626 787 3689 subssitit
801 3626 853 3687 suh
864 3628 992 3689 reditum
1008 3626 1201 3689 Achiuorum.
1244 3624 1300 3681 lta·

298 3738 358 3795 que
375 3716 462 3777 etiam
478 3714 547 3786 illa,
571 3735 643 3790 quae
660 3734 698 3773 ex
715 3715 834 3776 Arfflno
850 3712 973 3789 Dionys.
990 3712 1081 3771 Halia.
1098 3712 1149 3769 lib.
1166 3711 1189 3779 l,
1208 3728 1232 3767 c.
1251 3712 1302 3774 68.

300 3810 357 3879 69,
382 3806 420 3869 de
435 3799 566 3861 Palladio
582 3816 752 3871 narrantur,
775 3802 807 3860 in
823 3800 879 3862 hoc
896 3798 1022 3867 carmine
1039 3800 1137 3859 locum
1154 3794 1235 3855 suum
1251 3796 1302 3853 be·

300 3912 339 3953 ne
354 3878 465 3952 habere
476 3900 607 3963 potuere.
644 3888 798 3957 suboritur
814 3886 888 3948 inter
903 3887 973 3951 haee
987 3882 1119 3963 suspirio,
1143 3904 1203 3943 non
1218 3880 1304 3943 altam

298 3978 378 4039 sorte
401 3974 483 4039 suiffe
501 3970 583 4035 Ἰλίου
608 3978 697 4054 aspen
718 3972 871 4034 Pausaniae
896 3970 947 4037 sub
970 3970 1093 4039 Leschei
1108 3970 1226 4033 nomine
1242 3968 1304 4027 lau·

302 4069 422 4133 «taam,
451 4080 540 4141 quam
555 4060 630 4121 hane
643 4058 732 4137 ipsam
750 4060 874 4123 aretini.

347 4175 486 4235 δεισάσα,
509 4186 586 4238 non,
607 4170 746 4246 vtwalgo
762 4163 881 4243 tegitur,
902 4170 998 4233 Auli,
1020 4163 1136 4244 Argiui,
1157 4159 1227 4221 Ὶλιί
1242 4164 1306 4241 resp·

304 4274 346 4317 mr
362 4277 398 4315 ex
417 4254 654 4324 Athenaeum,
671 4276 702 4331 p.
720 4260 774 4318 610
791 4252 828 4313 C.
852 4248 909 4322 (cs.
927 4252 1059 4313 Maussac.
1076 4254 1113 4311 ad
1132 4253 1310 4322 llarpoerat.

302 4341 339 4404 in
362 4339 503 4413 natendo)
527 4342 682 4404 laudarunt
702 4342 761 4401 iam
783 4338 851 4407 alii,
883 4338 970 4401 etiam
993 4338 1111 4400 Vrsinus
1141 4339 1178 4398 ad
1203 4333 1308 4411 Virgil·

304 4428 423 4495 enan
438 4429 487 4496 ille
503 4425 537 4493 ri
552 4426 667 4495 optol
683 4425 805 4510 «sarpa
819 4422 922 4577 osseum
936 4426 1077 4509 llelplirt
1100 4420 1184 4489 Paus-
1201 4423 1312 4587 unq&

896 4528 911 4591 5
