3567 5400
539 566 653 623 κων
816 536 1280 639 DISQvlsrrlor
1346 563 1353 621 ’.

539 733 751 813 donorum
774 716 999 829 opinamini
1126 730 1557 811 manutenendam

538 840 591 916 eei
608 833 820 915 channam
842 835 952 911 inere
1000 838 1102 923 'ean
1125 842 1248 915 tacite
1269 850 1345 913 aut
1362 838 1556 939 expresse

539 966 566 1019 a
594 944 710 1017 nobis
744 950 1003 1024 occurrerem
1019 962 1025 971 ·
1043 963 1138 1017 nam
1165 943 1208 1017 in
1240 946 1555 1044 contentipnem

537 1070 630 1123 cum
656 1066 856 1142 quoquam
883 1044 1121 1123 descendere
1146 1067 1224 1123 nec
1247 1046 1397 1143 ingenii
1418 1045 1554 1123 noſtri

536 1172 615 1229 nec
638 1152 762 1225 morie
784 1144 850 1223 est.

541 1406 547 1417 ,
587 1318 681 1403 XV.
697 1315 876 1398 Primum
887 1316 925 1397 de
938 1316 1075 1425 crastin,
1090 1320 1197 1418 quod
1211 1328 1330 1423 poeta
1340 1319 1551 1401 inAenei-

537 1428 588 1505 de
609 1422 890 1504 conscribenda
910 1425 1099 1523 sequutus
1111 1424 1179 1513 lit,
1199 1443 1242 1501 et
1261 1424 1395 1533 desim,
1418 1450 1550 1525 quem

536 1532 787 1637 propositum
808 1529 1010 1615 habuerit,
1048 1528 1167 1605 multi
1185 1533 1298 1606 varia
1318 1525 1551 1607 comminis-

537 1640 695 1713 cuntur.
743 1632 854 1713 Nihil
871 1632 1030 1729 quidem
1049 1634 1177 1730 magis
1191 1636 1361 1711 alienum
1376 1632 1454 1711 eiie
1476 1661 1550 1735 po-

535 1740 615 1815 test
637 1740 685 1815 ab
708 1740 823 1839 epico
844 1740 1021 1813 carmine
1040 1759 1160 1837 quam
1179 1736 1362 1839 allegoriae
1385 1740 1550 1837 iugulat

537 1847 644 1919 enim
659 1854 788 1919 totam
805 1842 890 1919 eius
904 1846 1005 1946 vim,
1027 1863 1165 1917 rerum
1179 1852 1223 1917 et
1235 1840 1442 1917 hominum
1457 1844 1549 1941 dig·

534 1950 703 2024 nitatem
722 1954 926 2030 attenuat,
949 1952 1111 2041 gratum
1129 1946 1251 2021 animi
1266 1970 1447 2022 errorem
1468 1972 1550 2023 ex-

537 2052 642 2127 cutit
655 2060 697 2147 et
710 2046 859 2127 aestum
874 2052 982 2127 inter
994 2048 1207 2145 legendum
1223 2048 1444 2147 refrigerat.
1465 2076 1549 2128 vo.

534 2154 808 2255 luptatemque
823 2174 984 2229 omnem
999 2154 1215 2253 intercipit.
1265 2152 1461 2231 Certatim
1478 2167 1549 2231 ta-

534 2281 629 2339 men
650 2261 724 2335 viri
744 2254 847 2333 dom
864 2256 1031 2351 argutiis
1051 2254 1130 2335 suis
1144 2252 1311 2333 Aeneae
1326 2258 1546 2361 personam

533 2362 651 2439 nobis
670 2362 829 2461 eripere
846 2370 889 2435 et
903 2358 1130 2457 Augustum
1142 2358 1375 2437 submittere
1389 2361 1546 2437 allabo-

533 2476 690 2543 rarunt.
740 2462 877 2541 Etiam
893 2487 949 2542 ex
963 2474 1104 2564 parata
1119 2486 1227 2539 noua
1247 2467 1288 2540 in
1304 2462 1425 2541 Latio
1447 2466 1545 2543 sede

532 2562 700 2647 miseros
721 2566 920 2645 Troianos
941 2567 1226 2655 exturbarunte
1257 2566 1544 2647 adumbratum

533 2672 612 2774 effe
630 2696 654 2750 a
673 2684 797 2774 poeta
818 2694 971 2755 nouum
993 2683 1082 2750 tum
1101 2670 1257 2750 Romae
1277 2670 1544 2753 constitutum

415 2808 417 2817 ·
531 2781 654 2856 vnius
671 2781 951 2878 principatum.
1002 2773 1128 2854 Simili
1152 2781 1331 2856 acumine
1350 2777 1413 2854 alii
1426 2802 1544 2856 arca-

531 2903 606 2969 na,
629 2881 760 2958 nescio
774 2875 886 2980 quae,
908 2881 1190 2958 dominationis
1202 2877 1431 2981 Augusteae
1445 2907 1545 2958 con·

531 2981 637 3081 iilia,
659 2989 701 3060 in
718 2983 902 3064 Aeneide
919 2984 1125 3080 con-denda
1144 2981 1448 3086 deprehendere
1468 2987 1542 3066 nbi

531 3081 718 3166 'visisunt
769 3089 831 3164 Ita
846 3083 1018 3182 Spmns.
1040 3089 1236 3186 elegantis
1249 3091 1397 3188 ingenii
1413 3094 1479 3167 vir
1490 3094 1545 3188 *),

476 3245 482 3256 ·
531 3185 710 3283 monenda
739 3211 838 3294 epos
863 3189 941 3268 effe
966 3189 1191 3270 Aeneidem
1216 3189 1286 3270 fibi
1309 3193 1543 3296 persuasum

529 3295 719 3394 habebat,
744 3319 875 3394 neque
893 3295 998 3372 aliud
1018 3297 1228 3396 quicquam
1245 3311 1407 3399 poetam
1423 3297 1542 3400 spec-

530 3401 649 3500 taffe,
673 3424 793 3498 quam
812 3411 857 3478 vt
878 3403 1020 3478 animis
1039 3388 1235 3480 libertatis
1255 3415 1423 3504 ereptae
1434 3401 1540 3478 desi-

530 3505 642 3584 derio
672 3507 801 3604 aegris
825 3501 1003 3582 fomenta
1028 3501 1281 3592 admoueret,
1314 3519 1358 3582 et
1378 3529 1543 3584 nouum

522 3611 751 3714 ¹principem
772 3608 1027 3790 approbaret.
1076 3605 1190 3688 Nihil
1209 3615 1347 3688 tamen
1365 3607 1542 3690 Aeneae

799 3736 824 3785 0

528 3709 759 3816 personam.
826 3713 961 3790 ituna'
988 3755 1004 3807 ‚
1026 3707 1131 3791 fana
1150 3723 1193 3790 et
1210 3711 1292 3792 fata
1312 3714 1458 3792 habere
1473 3719 1544 3794 vi·

528 3817 646 3912 deas,
684 3816 789 3916 quod
809 3819 846 3892 ei
865 3839 943 3892 con
990 3817 1028 3890 io
1048 3815 1305 3920 respondean
1333 3817 1472 3896 nuilus
1493 3823 1543 3896 in

497 3985 504 3990 .
527 3919 712 3997 Aeneide
727 3917 902 4022 populus
916 3915 1104 4008 eit-liber,
1127 3919 1412 4018 quidominum
1432 3927 1546 4001 ecci-

526 4027 612 4130 piat
619 4052 631 4113 ς
657 4027 768 4102 nulla
781 4029 898 4122 regni
908 4017 975 4102 seu
989 4027 1158 4131 imperii,
1182 4027 1453 4106 monarchiam
1467 4052 1554 4121 vos

1384 4154 1543 4221 omnus,

572 4315 607 4396 ¹⁸)
630 4315 791 4394 Polymnii
809 4317 999 4392 dialogum,
1019 4317 1176 4398 p.17sqq.,
1196 4339 1285 4400 quem
1296 4321 1398 4401 paffim
1406 4275 1539 4401 (aqum.

615 4415 665 4466 nn
681 4411 813 4472 Wanau.
835 4409 1025 4475 Hella-mi,
1044 4405 1145 4466 eteii'a
1451 4429 1459 4449 ·»
1493 4437 1498 4450 ·
