3567 5400
532 534 596 587 nn
647 570 660 591 .,
726 516 728 521 ’
805 482 1299 604 mstlsmut'

532 724 571 778 ει
557 700 739 775 virtute
753 718 891 795 parem
909 686 1147 772 ιάίιιιιιέειίι.
1197 693 1421 771 Enimuero
1439 716 1537 770 cum

532 802 755 900 argumenti
783 799 938 877 indoles
958 812 1001 875 et
1022 813 1165 875 natum
1185 804 1309 874 totius
1331 796 1536 873 trattatio·

532 910 595 981 nis
616 904 798 979 mensura
811 910 853 976 et
866 905 1001 997 regula
1019 902 1078 986 sst,
1106 902 1242 1002 plures
1256 906 1393 997 vtique
1406 898 1540 977 fasto-

532 1032 621 1083 rum
637 1018 680 1081 et
694 1028 830 1085 rerum
844 1002 975 1102 gestat·
976 1012 1043 1081 uul
1060 1002 1147 1079 socii
1166 1019 1207 1083 et
1223 1009 1434 1104 palticipes
1450 1004 1535 1079 effe

499 1182 506 1202 s
531 1122 749 1205 nequeunt,
774 1132 890 1205 quam
904 1132 1005 1205 quos
1020 1132 1088 1185 res
1100 1110 1181 1207 ipsa
1194 1108 1375 1209 postulat.
1409 1106 1537 1202 Quod

499 1212 501 1220 '
528 1214 562 1299 fi
581 1216 678 1289 adeo
697 1214 973 1313 paucoseliom
993 1216 1062 1309 qui
1079 1217 1232 1289 virtute
1252 1214 1462 1295 emineant,
1484 1214 1535 1284 in

502 1362 505 1369 ·
529 1338 693 1408 carmen
703 1316 817 1399 suum
831 1316 986 1391 induxit
998 1328 1135 1415 poeta,¹
1153 1320 1377 1411 mgnmenti
1392 1315 1536 1392 neces-

530 1422 632 1507 sitati
653 1420 689 1495 id
709 1420 992 1503 condonemus,
1016 1419 1373 1515 concedamusque,
1393 1416 1538 1493 hatte·

419 1542 424 1551 ·
530 1546 616 1601 nun
622 1523 1037 1622 Hometicnmcopiam
1048 1535 1091 1597 et
1103 1526 1337 1597 varietatem
1351 1546 1537 1596 morum·

530 1652 608 1723 que
627 1623 890 1701 diue1·fitntem
907 1628 998 1723 plus
1017 1623 1285 1703 delectationis
1298 1624 1463 1708 alierum
1485 1638 1544 1700 at·

530 1732 760 1831 sapientiam
784 1730 858 1804 viri
876 1731 1067 1803 miremur
1081 1730 1249 1803 saltem
1240 1753 1279 1801 ιιι
1299 1730 1397 1809 hoc,
1419 1730 1537 1827 quod

531 1846 645 1907 tanto
660 1835 784 1928 magis
799 1836 905 1907 inter
918 1854 1060 1907 omnes
1074 1854 1178 1908 vnus
1190 1826 1358 1907 Aeneas
1365 1831 1538 1927 infignis

533 1942 682 2015 virtute
704 1939 872 2019 eminet,
897 1958 974 2010 nec
994 1939 1081 2010 eius
1101 1936 1299 2034 splendori
1319 1938 1535 2029 quisquam

530 2042 650 2129 nlius,
676 2038 745 2111 nifi
762 2038 925 2113 Turnus
946 2037 1276 2131 fo1te,.0ffic1t*).
1370 2060 1441 2112 uae
1458 2059 1536 2112 res

460 2230 462 2239 Α
529 2156 646 2219 tanto
664 2140 859 2217 difficilior
872 2155 978 2226 erat,
1010 2165 1101 2217 cum
1119 2146 1151 2216 is
1166 2164 1242 2216 nec
1255 2141 1362 2216 Achi
1394 2164 1440 2214 ea
1456 2146 1547 2215 ali--

530 2272 606 2343 qua
630 2248 810 2345 corporis
830 2247 1027 2341 animique
1049 2248 1201 2321 virtute
1220 2268 1363 2320 omnes
1378 2259 1537 2319 morta-

528 2355 590 2435 les
603 2350 835 2443 antecellat,
860 2370 951 2433 nec,
975 2350 1162 2445 quorsum
1178 2346 1535 2423 immaniseffetati

529 2455 648 2539 animi
672 2453 869 2527 iracundia
890 2463 961 2526 aut
982 2462 1171 2550 acceptus
1188 2450 1363 2527 Patrocli
1380 2450 1536 2526 funere

529 2558 644 2635 dolor
658 2568 874 2655 erupturus
889 2555 952 2641 nt,
975 2556 1163 2631 sollicitos
1174 2576 1250 2632 nos
1267 2567 1413 2631 teneat.

603 2739 754 2842 xvlu.
776 2745 841 2820 De
861 2745 979 2822 versu
991 2745 1145 2841 Virgilii
1162 2749 1277 2845 epico
1291 2751 1460 2842 eiusque
1476 2747 1537 2822 ad

527 2868 666 2926 ιιιιιιιιι
685 2849 875 2925 lilauitate
896 2873 942 2925 ac
962 2853 1157 2944 grauitate
1178 2853 1371 2926 nonnulla
1392 2849 1552 2947 dispuae

526 2965 615 3031 tare
633 2949 808 3037 iuuaret,
831 2951 899 3026 nili
918 2957 1107 3026 maiorem
1125 2954 1376 3028 subtilitatem
1394 2975 1442 3026 ea
1455 2968 1551 3027 res'

527 3058 710 3160 liaberet,
734 3079 861 3148 quam
866 3067 914 3130 vt
926 3055 1150 3152 legentium
1158 3061 1312 3133 animos
1328 3069 1371 3131 et
1383 3058 1551 3131 oculos?

525 3173 668 3234 tenere
684 3156 811 3256 pollit
861 3159 962 3236 Illud
975 3181 1099 3236 vnum
1112 3163 1379 3244 monebimus
1405 3162 1447 3232 in
1463 3184 1540 3234 er·
1550 3210 1551 3215 ι

525 3285 546 3336 ι
548 3287 595 3336 οι
597 3285 660 3337 em
677 3262 864 3338 inducere
880 3263 1095 3338 iuuenilem
1110 3268 1282 3338 animum
1297 3264 1423 3340 vlderi
1435 3285 1538 3349 eos,

523 3367 590 3464 qui
607 3369 715 3440 nimii
729 3369 770 3440 in
785 3390 834 3441 eo
847 3359 956 3451 sunt,
979 3379 1025 3442 vt
1039 3365 1087 3441 ad
1104 3369 1372 3442 1erumsonos
1392 3378 1434 3440 et
1449 3389 1540 3440 na·
1550 3406 1552 3414 =

522 3475 634 3549 turns
661 3469 977 3544 accommodatos
1005 3481 1048 3544 et
1072 3467 1266 3544 formatos
1290 3473 1418 3546 velint
1441 3469 1551 3544 enei

463 3613 467 3618 ·
525 3571 671 3658 versus.
708 3571 904 3670 Equidem
917 3595 1000 3646 non
1011 3571 1343 3650 diffiteorsenlum
1356 3596 1422 3646 me
1434 3595 1551 3648 ant-1

521 3675 576 3751 mi
604 3671 872 3778 refragantem
894 3676 1057 3761 hebere,
1093 3681 1408 3774 quotiescunque
1424 3700 1542 3774 per·
1550 3712 1552 3729 ι

520 3771 685 3856 suadere
701 3769 796 3856 mihi
816 3781 929 3864 volo,
954 3795 1142 3874 magnum
1164 3782 1333 3878 aliquem
1355 3793 1541 3880 poetam

520 3885 627 3960 aestu
642 3893 843 3958 tantalum
859 3905 996 3960 retum
1008 3885 1215 3982 abreptum
1226 3897 1269 3960 et
1281 3905 1551 3982 magnorum

518 3983 836 4088 phantasmatum
849 4010 889 4063 νι
879 3984 1191 4064 inflammatum
1208 3989 1361 4062 insono
1377 3989 1542 4066 cursus

518 4089 709 4188 equestlis
729 4093 793 4170 vel
806 4093 926 4168 tubae
939 4092 1005 4171 vel
1018 4093 1182 4168 aliarum
1194 4105 1334 4168 terum
1346 4091 1542 4167 redden-

1465 4199 1551 4274 do

560 4345 1020 4427 quenulam-prooem.
1122 4319 1127 4326 ’
