3567 5400
409 496 415 518 “
535 460 620 609 {nn
810 518 1270 624 u1st1srr101

537 721 688 811 neunt,
716 716 756 791 in
772 713 1166 817 promtu’habebunt,
1188 718 1229 791 in
1245 712 1409 815 singuiis
1421 716 1554 791 ratus

539 831 583 897 et
612 819 752 897 cauffis
778 842 946 897 monere
980 819 1189 896 commode
1215 831 1259 895 et
1286 843 1379 897 cum
1409 816 1553 895 {iustu

540 947 730 1001 enarrare
753 946 820 1021 aa,
843 947 947 1023 quae
964 920 1259 1006 adolescentum
1279 924 1438 1021 ingenia
1458 922 1552 997 ale·

539 1052 607 1125 re,
632 1028 774 1103 iudicia
792 1048 956 1122 acuere,
980 1026 1202 1123 elegantiae
1222 1030 1271 1101 et'
1280 1029 1443 1103 virtutis
1454 1026 1552 1101 sen-

539 1132 561 1209 s
584 1155 624 1205 m
648 1146 720 1207 aut
739 1130 1015 1222 instillareaut
1032 1135 1210 1206 excitare
1233 1132 1371 1213 animis
1383 1130 1549 1230 possint.

526 1228 533 1241 '
581 1238 715 1309 mnino
734 1238 839 1309 enim
861 1228 1127 1335 praecipiendi
1142 1228 1241 1311 hisce
1261 1234 1311 1310 de
1325 1234 1446 1309 rebus
1461 1241 1549 1311 vti-

407 1352 419 1371 “
537 1339 633 1416 liter
659 1351 703 1413 et
725 1362 816 1416 cum
838 1336 970 1415 nunu
990 1338 1040 1415 ad
1066 1338 1357 1415 adolescentum
1387 1336 1549 1413 animos

539 1464 669 1541 genus
684 1441 744 1519 est
764 1465 889 1519 vnum
904 1455 948 1517 et
962 1442 1120 1520 sortasse
1137 1441 1278 1539 solum,
1301 1453 1348 1519 vt
1360 1460 1444 1516 non
1457 1444 1549 1524 uni·

536 1546 654 1623 uerso
676 1548 898 1643 degenere
920 1548 1047 1622 muita
1069 1547 1261 1622 subtiliter
1281 1530 1547 1644 disputentur,

535 1670 683 1727 verum
697 1658 745 1727 vt
760 1658 799 1725 in
814 1650 893 1748 ipsa
908 1652 1242 1749 interpretatione
1255 1664 1400 1749 poetae
1413 1652 1454 1721 in
1470 1648 1547 1721 fin·

512 1847 514 1855 y
537 1754 645 1850 ‘gulis
670 1754 791 1847 loeis,
824 1755 968 1847 rebus,
997 1754 1178 1852 personis
1199 1775 1247 1827 ac
1266 1748 1470 1827 sententiis
1493 1774 1547 1827 ea

536 1869 784 1932 moneantur
802 1856 1010 1931 salubriter
1028 1880 1074 1929 ac
1088 1853 1342 1948 breuissima,
1366 1877 1470 1950 quae
1485 1878 1547 1931 ex

378 1950 383 1967 ⁸
537 1973 585 2035 re
601 1960 797 2061 praesenti
811 1970 854 2034 et
869 1960 996 2036 oculis
1010 1958 1176 2035 subiedta
1192 1958 1411 2033 claritatem
1429 1957 1545 2033 suam

537 2062 687 2139 habent
702 2072 745 2137 et
758 2067 975 2139 veritatem.
1007 2061 1266 2139 ‘Adolescens
1283 2062 1455 2158 quidem,
1471 2064 1545 2157 qui

534 2176 619 2243 tam
637 2168 777 2242 beatus
797 2164 938 2256 suerit,
961 2175 1010 2243 vt
1024 2167 1250 2241 Homerum
1266 2178 1310 2241 et
1325 2166 1544 2261 Virgilium

535 2272 772 2371 interpretis
790 2272 954 2345 alicuius
966 2274 1142 2370 opera'in
1158 2269 1287 2365 huno,
1311 2278 1428 2364 quesn
1442 2268 1544 2364 dixi,

536 2374 699 2449 modum
717 2372 890 2450 instituta
905 2384 1133 2448 enarratum
1150 2375 1340 2467 audierit,
1365 2372 1543 2471 disputa·

535 2481 671 2552 tiones
690 2478 779 2553 silas
799 2474 983 2579 aestimas
997 2476 1146 2573 (quidni
1160 2482 1266 2551 enim
1281 2474 1358 2551 hoc
1373 2479 1542 2550 nomine

529 2590 713 2678 utamur,
728 2600 818 2657 curn
833 2583 892 2655 rei
906 2579 1164 2677 designandae
1179 2580 1412 2657 vocabulum
1430 2578 1540 2655 aliud

536 2684 722 2760 idoneum
740 2705 823 2758 non
837 2682 1065 2784 suppetam)
1078 2682 1185 2758 sorte
1198 2708 1280 2759 non
1299 2682 1383 2783 siue
1402 2679 1539 2760 frustra

535 2789 668 2883 aiiqno
681 2787 867 2886 posthaec
883 2781 1115 2885 cognoscem
1128 2781 1192 2864 sed
1207 2790 1357 2864 initioa
1371 2788 1441 2862 tali
1454 2788 1556 2862 lec-⁰

534 2893 646 2965 tione
655 2890 763 2990 sudio
777 2891 806 2966 si
820 2895 910 2992 quis
923 2893 970 2967 ad
985 2902 1125 2991 poetas
1137 2887 1539 2989 cognoscendos'per·

534 3015 633 3090 gere
649 2993 844 3087 voluerit,
868 3017 917 3068 an
933 2997 968 3069 is
979 3002 1035 3069 ex
1049 2995 1176 3070 subtili
1194 2997 1256 3070 illa
1269 2995 1536 3094 disputatione

534 3097 583 3172 ad
598 3099 878 3194 intelligendos
893 3107 937 3172 et
952 3099 1181 3174 iudicandos
1195 3111 1339 3197 poetas
1356 3099 1535 3173 inultum

534 3199 740 3299 profecisse
757 3203 796 3276 se
813 3199 1091 3277 intelletiurus
1106 3200 1173 3300 iit3
1197 3203 1407 3277 admodum
1421 3202 1537 3276 dubi·

533 3313 597 3398 to,
623 3325 720 3401 nec,
742 3309 804 3380 tui
823 3303 912 3380 iilud
925 3307 1165 3403 contigiffet,
1188 3327 1427 3402 quemquam
1441 3306 1537 3380 vidi.

530 3403 633 3504 Sed,
658 3419 707 3484 vt
722 3409 925 3508 peruersis
934 3409 1138 3485 hominum
1156 3411 1383 3486 nostrorum
1398 3407 1539 3484 studiis

529 3519 795 3606 occurratur,⁴
810 3512 839 3586 si
854 3513 973 3588 modo
987 3511 1303 3615 occurri'potest‚
1327 3515 1419 3590 satis
1433 3511 1537 3590 haec

275 3734 278 3745 Ι
377 3673 390 3692 a
530 3611 633 3692 dista
653 3615 733 3692 esse
754 3619 938 3697 arbitror.

533 3838 537 3847 ·
561 3817 568 3830 '
587 3855 589 3860 v
607 3819 637 3894 1.
663 3805 778 3917 Quae
797 3821 860 3896 hio
877 3847 902 3896 a
921 3843 987 3896 rue
1009 3820 1248 3920 exponenda
1267 3822 1377 3919 sunt,
1404 3842 1536 3922 pauca

527 3923 746 4020 quidemet
760 3925 1004 4010 summatim,
1027 3926 1077 4000 ad
1091 3925 1353 4021 virgilianum
1367 3931 1535 4007 carmen

526 4027 622 4104 dont
649 4027 869 4105 reserenda.
924 4025 993 4106 Ad
1013 4029 1133 4105 huius
1160 4031 1356 4103 rationem
1382 4030 1534 4104 intelli.

525 4131 803 4225 gendamsatis
816 4131 1048 4222 esttenete,
1073 4133 1533 4234 commmimmwiuerse

524 4222 628 4308 nihil
647 4234 859 4326 aliudesse,
882 4257 1002 4334 quam
1018 4236 1239 4314 modom
1259 4231 1407 4312 aaran
1418 4261 1534 4314 mme-

523 4338 580 4418 ris
601 4331 786 4446 absohtorn
800 4361 850 4422 tc·
861 4333 1061 4450 persidam.
1099 4341 1171 4418 seo
1191 4341 1403 4441 motionis
1428 4442 1470 4550 st

521 4487 530 4505 0
650 4488 655 4497 ·
1358 4467 1445 4550 prae
1468 4470 1533 4526 m·
