3567 5400
503 503 590 619 aaa·
783 458 1145 602 -a'xovnsus
1182 502 1210 599 1³

512 704 577 786 nys.
600 699 694 768 Halie.
715 701 740 774 1,
763 717 799 778 59
831 701 1060 776 commemorat,
1095 721 1203 768 nomen
1234 707 1365 787 puellae,
1407 701 1520 790 insuper

507 794 617 864 addit,
659 799 783 853 Laurum
811 796 825 862 (
832 791 892 850 niss-
910 793 1055 852 Lauiniam
1064 787 1071 874 Ἰ
1080 789 1139 872 ipse
1168 793 1326 872 Dionylus
1352 793 1518 876 scripserat)
1561 851 1562 860 ,

512 881 614 946 luiffes
653 878 795 957 nauigalle
832 898 896 937 eam
933 897 1001 936 curn
1031 877 1173 940 Troianis
1201 882 1233 939 in
1260 881 1390 953 Italiam,
1433 887 1518 944 dante
1561 885 1562 912 ¹

512 970 570 1028 hoc
592 967 709 1028 Aeneae
729 965 867 1042 precibus
889 965 966 1024 Anio
989 976 1089 1042 patrea
1119 975 1182 1026 emt
1202 965 1280 1028 enim
1299 967 1421 1030 fatidica
1437 983 1466 1030 et
1477 968 1518 1031 l'a·

511 1055 596 1134 piens
610 1053 731 1118 mulien
755 1069 880 1128 cumque
890 1049 968 1110 inter
981 1071 1089 1111 nouam
1102 1044 1206 1113 vrb'em
1221 1057 1406 1114 condendam
1415 1060 1518 1118 morbo
1561 1081 1562 1114 t

511 1139 607 1205 i'uillet
619 1136 776 1209 enssiniia,
800 1151 829 1196 et
843 1137 873 1195 in
898 1159 931 1196 eo
945 1137 1005 1214 ipso
1018 1139 1086 1198 loco
1101 1137 1228 1216 sepulta,
1252 1141 1379 1201 Aeneam
1392 1141 1424 1202 in
1440 1163 1516 1204 vxo-

509 1226 555 1288 sis
571 1225 742 1285 memoriam
758 1245 866 1285 nomen
882 1225 944 1283 eius
968 1223 1038 1284 urbi
1056 1224 1198 1287 indidiffe.
1244 1225 1353 1288 Similia
1372 1227 1515 1314 QLuta.

510 1317 571 1376 tius
586 1321 772 1379 narrauerats
792 1313 873 1371 vnde
887 1307 1031 1388 exscripta
1044 1311 1075 1370 in
1093 1311 1177 1391 Orig.
1196 1311 1284 1374 Gent.
1301 1315 1387 1376 Rom.
1406 1335 1430 1375 c.
1441 1333 1472 1389 9.

505 1417 514 1439 ⁴
553 1401 629 1461 Delo
657 1395 963 1477 diffisos-Troianos
987 1417 1040 1474 per
1063 1397 1172 1458 medias
1194 1400 1341 1476 Cyclades
1361 1395 1455 1462 statim
1477 1405 1516 1462 ad

512 1495 621 1547 Cretam
636 1483 757 1544 deducit
776 1484 927 1564 Virgilius.
971 1485 1022 1548 Ad
1040 1485 1171 1544 historiae
1186 1487 1340 1548 veritatem
1363 1507 1513 1566 compara·

507 1586 575 1636 tum
589 1573 648 1643 est,
674 1573 755 1648 quod
773 1571 846 1632 vrbs
862 1577 1015 1646 Pergameo
1031 1572 1080 1634 vel
1094 1577 1259 1646 Pergratum
1274 1579 1311 1634 ab
1324 1575 1360 1634 iis
1376 1575 1408 1634 in
1426 1575 1515 1636 Creta

489 1650 491 1659 ’
511 1660 651 1724 conditur
664 1660 862 1731 Ill,r3a.133.
907 1657 1008 1718 Relteti
1030 1657 1060 1718 in
1084 1676 1117 1718 ea
1134 1661 1267 1719 nonnulli
1285 1679 1324 1720 ex
1339 1659 1422 1721 sociis
1438 1661 1512 1722 ibid.

510 1765 623 1822 v.190.
665 1745 748 1806 Alios
762 1744 893 1804 rudiores
911 1741 1045 1822 sequutus
1063 1745 1188 1806 Velleius
1204 1747 1228 1818 1,
1242 1765 1307 1826 apr.
1319 1751 1355 1805 ab
1368 1755 1512 1822 Agamem·
1561 1799 1562 1812 ,

510 1859 574 1896 nom
587 1851 644 1892 ms
659 1839 737 1892 nrbes
750 1837 779 1890 iu
796 1837 886 1902 Creta,
909 1831 982 1890 etin
999 1831 1044 1890 his
1059 1837 1224 1906 Pergamum
1237 1827 1389 1894 eonditum
1401 1845 1512 1896 narrat.

508 1922 646 1985 nevrbe
663 1916 1513 1992 haccfiSeru.ad111v.133.etMeurttremulat,

509 2029 537 2068 c.
553 2027 602 2080 13,
632 2003 769 2066 aduersus
790 2023 878 2082 quem
902 2003 996 2066 Seruii
1017 2005 1116 2064 locum
1139 2007 1511 2070 meridianamque.
1561 2039 1562 2070 t

507 2098 549 2155 ad
562 2091 665 2156 Vellei.
687 2115 717 2170 p.
729 2111 762 2167 4.
806 2094 884 2151 inter
900 2097 998 2166 oppida
1013 2097 1106 2151 Cretae
1121 2097 1232 2166 lnstgne‘a
1245 2095 1420 2174 Pergamum
1438 2115 1512 2156 enu-

507 2194 604 2242 merat
614 2178 691 2240 Plio.
703 2180 786 2248 11,12.
797 2197 851 2238 20.
898 2178 989 2264 Quod
1004 2174 1035 2236 in
1052 2177 1139 2238 Creta
1155 2179 1286 2257 pestilens
1300 2201 1392 2242 annus
1408 2180 1511 2260 super·

505 2267 603 2337 venit,
619 2263 766 2344 ingeniose
779 2277 865 2344 poeta
877 2273 919 2325 'ex
932 2265 966 2324 iis
983 2264 1106 2334 effinxit,
1131 2285 1205 2344 quae
1218 2270 1376 2329 idomeneo
1387 2267 1515 2331 aTroie

505 2353 611 2415 reduci
632 2351 772 2424 eueniffe,
801 2355 933 2430 qaiaeque
954 2351 1071 2412 Cretam
1095 2353 1131 2413 de
1152 2352 1275 2430 pristinis
1296 2356 1402 2434 opibus
1426 2355 1508 2414 deie-
1561 2373 1562 2426 4

505 2440 572 2501 tiffe
585 2449 795 2510 memorantur,
814 2459 846 2498 v.
860 2441 1003 2499 llerodot.
1015 2438 1077 2507 Vll,
1094 2453 1150 2516 171.
1185 2441 1301 2500 Eodem
1317 2439 1421 2502 alludit
1433 2442 1509 2502 Dic·
1561 2477 1562 2486 .

503 2539 555 2607 tys
568 2529 620 2598 Vl,
644 2546 679 2595 n,
703 2527 785 2586 cuius
807 2526 945 2604 figmenta
965 2545 1031 2584 raro
1051 2525 1222 2602 antiquioris
1247 2527 1368 2589 aliouim
1390 2527 1510 2591 fabulae

503 2615 555 2679 uel
567 2611 744 2674 auiioritatis
758 2610 850 2671 inodo
867 2611 999 2672 dellitnta
1013 2612 1222 2688 deprehendas.

550 2701 633 2762 Sedis
649 2697 681 2760 in
696 2700 785 2761 Creta
805 2710 929 2759 tentatae
950 2697 1071 2775 Dionys.
1085 2701 1109 2769 1,
1132 2714 1170 2773 ςο
1196 2720 1256 2760 non
1272 2697 1416 2770 meminit,
1442 2696 1507 2771 sed,

502 2788 557 2853 vbi
572 2791 608 2848 de
621 2789 697 2847 Delo
711 2781 942 2856 memorauerat,
964 2792 1080 2863 Deioqle,
1100 2784 1214 2863 inquit,
1237 2792 1265 2847 r'n
1284 2794 1371 2845 aliam
1390 2794 1508 2861 insulan

487 2921 489 2930 .
503 2880 628 2953 Cotiara,
642 2896 711 2951 quae
723 2891 786 2933 onte
797 2878 996 2947 Peloponnestsm
1009 2872 1114 2945 Μία,
1130 2888 1255 2935 uenerunt
1267 2881 1441 2951 learquumque
1450 2880 1506 2934 Ve-

501 2966 562 3021 mrr‘
578 2966 761 3021 condiderunt.
802 2960 867 3019 Hoc
887 2978 954 3017 cum
969 2960 1008 3018 ad
1021 2958 1137 3020 Aeneae
1153 2954 1297 3037 pietatem
1309 2971 1367 3020 tam
1382 2959 1504 3021 adcom-

501 3050 653 3108 modatum
669 3047 754 3118 effet,
785 3044 967 3122 Venerisque
984 3045 1102 3105 omnino
1125 3066 1214 3121 opera
1235 3058 1293 3107 tam
1312 3046 1450 3124 frequens
1471 3047 1506 3108 in

500 3134 631 3196 Aeneide
644 3132 688 3203 lit,
710 3153 727 3191 a
740 3130 862 3213 Virgilio
880 3130 1054 3212 negleilurn,
1079 3130 1193 3193 mireris
1205 3130 1292 3193 forte.
1336 3136 1401 3194 Nec
1416 3132 1505 3195 facile

497 3222 633 3300 ignorare
651 3216 825 3279 doffiffimus
841 3229 928 3297 poeta
939 3218 970 3278 id
986 3217 1101 3297 potuit,
1123 3218 1172 3279 sed
1189 3219 1360 3281 derelittum
1382 3222 1419 3279 ab
1440 3218 1504 3299 ipso

497 3308 624 3385 firspicor
643 3316 816 3385 propterea,
840 3305 997 3382 quoniam,
1020 3324 1088 3365 curn
1108 3302 1307 3369 slmileml'ere
1328 3305 1505 3387 religionem

497 3415 570 3455 mox
585 3394 622 3452 ad
635 3392 755 3455 Attium
770 3404 832 3452 erat
847 3404 1052 3463 enarraturus,
1073 3392 1203 3453 taedium
1214 3394 1342 3473 effugere
1358 3395 1466 3455 voluit.

540 3496 634 3581 Quod
649 3498 768 3571 Cytheris
787 3494 920 3553 nonnulli
933 3492 1115 3565 tribuerunt,
1136 3494 1169 3555 id
1182 3494 1231 3555 alii
1244 3498 1283 3555 ad
1299 3496 1504 3561 continentem

495 3580 670 3643 transtuliss‘e.
680 3579 830 3643 videntur.
873 3580 951 3641 Nam
967 3600 1005 3639 ex
1022 3578 1142 3642 aduerso
1158 3580 1274 3655 insulae,
1290 3584 1328 3643 ad
1344 3577 1424 3645 littus
1435 3586 1501 3645 La·

495 3670 633 3740 tonicae,
645 3668 648 3671 ’
659 3666 692 3729 in
712 3667 774 3728 sinu
786 3666 945 3738 Boeatico,
967 3666 1021 3729 vbi
1042 3666 1120 3727 'eirca
1133 3664 1256 3728 Maleam
1269 3666 1410 3741 flexeris,
1430 3669 1500 3730 fue·

493 3770 564 3816 runt
577 3756 735 3835 aliquando
756 3759 830 3816 duae
852 3759 961 3826 urbes,
992 3774 1063 3813 mox
1082 3755 1114 3814 in
1134 3757 1227 3815 Boeas
1249 3754 1406 3827 eolleAae,
1428 3765 1500 3817 Elia

492 3844 640 3910 velleius,
658 3854 688 3902 et
697 3848 891 3919 Apleods'fia15
911 3852 1067 3919 utramque
1088 3842 1124 3899 ab
1140 3842 1240 3903 Aenea
1255 3842 1404 3903 conditam
1416 3842 1499 3907 fame
1561 3856 1562 3889 l

490 3929 620 4000 ferebat,
641 3952 700 3988 cusas
711 3935 757 3987 ills
770 3935 799 3989 r'n
814 3934 926 3988 Italiam
938 3934 1051 4005 fugeres
1069 3943 1095 3986 el
1109 3932 1138 3985 in
1157 3934 1221 3989 lunc
1235 3938 1321 4001 finum
1341 3937 1498 4007 sernpedaee

480 4020 575 4091 sm'ffrr
587 4021 702 4076 denras.
744 4016 859 4075 Nomen
875 4015 959 4075 alteri
971 4036 990 4095 ².
1000 4018 1127 4085 Venere,
1148 4016 1265 4077 Aeneae
1280 4028 1385 4088 matre,
1408 4022 1497 4075 eluro·

489 4108 525 4160 ab
538 4109 619 4162 Eride
633 4109 677 4160 ort
688 4106 786 4161 Etiam
795 4112 899 4161 Amne
911 4098 979 4162 salia.
1001 4124 1034 4165 v.
1049 4099 1170 4163 Paulae.
1182 4102 1231 4172 111,
1248 4121 1288 4163 aa
1305 4116 1388 4185 extrq

529 4200 580 4261 Ad
596 4204 698 4261 eadem
711 4202 778 4261 loca
790 4202 978 4265 referendum
993 4205 1131 4275 videtur,
1154 4208 1243 4284 quod
1258 4206 1382 4285 Dionys.
1397 4208 1423 4279 1,
1445 4220 1491 4285 ςο

487 4286 638 4348 Troianos
666 4309 683 4348 a
703 4287 843 4365 Cytheris
862 4288 1005 4353 soluentes
1022 4292 1053 4351 in
1071 4292 1261 4371 Peloponnen
1282 4296 1493 4371 promontorio

482 4374 598 4435 emiltffe
615 4375 791 4435 Cinetthum
806 4389 915 4448 nuent,
932 4398 950 4438 a
966 4400 1032 4457 quo·
1040 4377 1114 4437 illud
1127 4380 1302 4457 appellatum
1311 4378 1490 4533 Claqqisglm.

1417 4478 1491 4531 etue
