3567 5400
327 584 417 669 DE
442 580 643 671 CARNl
668 584 865 715 Epicu
888 578 1120 665 VIRGIL
1146 586 1149 595 '
1172 604 1256 661 cnr

257 772 515 859 dolabomrea
536 774 744 853 Attenuat
752 724 798 851 ea
812 774 1128 875 resetdeprimit
1142 776 1253 871 inge.

256 881 365 953 nium
399 891 548 976 poetae
587 890 631 955 et
664 883 764 957 artis
800 882 978 980 poeticae
1012 880 1252 975 dignitatem.

253 980 360 1060 Sunt
376 992 533 1069 tamen,
552 986 624 1067 alc,
647 986 752 1061 tales
768 984 909 1061 versus
930 984 969 1055 in
984 984 1139 1080 optimo
1151 1002 1252 1076 quo·-

253 1110 326 1181 que
353 1097 491 1185 poeta.
549 1085 697 1173 Rene
730 1086 823 1161 sunt
847 1089 986 1181 vtique
1009 1086 1146 1183 inulti3
1179 1080 1252 1159 etfl

252 1190 390 1287 plures
405 1190 508 1269 alios
526 1192 576 1265 ad
590 1192 669 1267 hoc
681 1192 790 1267 lusus
806 1211 933 1287 genus
951 1188 1251 1263 accommodare

250 1292 348 1365 solet
360 1316 501 1368 eorum
515 1295 729 1391 ingenium,
752 1296 820 1390 qui
830 1294 978 1367 talibus
987 1294 1109 1365 rebus
1121 1290 1249 1365 indul-

249 1410 368 1490 gent:
405 1394 510 1490 Quis
528 1400 656 1480 enim,
684 1396 756 1473 nisi
776 1382 1053 1470 iarnanimunf
1068 1394 1115 1468 ad
1136 1396 1251 1469 leues

248 1500 322 1575 hos
351 1499 722 1598 lusus-deflexerit,
763 1498 931 1575 studium
964 1496 1121 1593 aliquod
1149 1516 1248 1595 poe·-

249 1614 310 1677 tae
338 1604 531 1699 agnoscat
555 1607 598 1682 in
618 1606 696 1681 illis
716 1604 988 1686 ac-sanilibus,
1027 1598 1247 1676 cuimodi

245 1705 355 1789 iurat:
381 1704 501 1791 Paris
517 1712 649 1804 magni
661 1704 934 1809 parmpa'rabar
946 1706 1098 1805 irnperio.
1136 1700 1245 1777 Aut:

245 1808 334 1885 Auia
374 1815 464 1885 ttun
507 1812 694 1894 resonant
724 1810 843 1889 autu
874 1812 1049 1905 vugruta
1078 1809 1245 1882 sonoris.

246 1913 343 1987 Mihi
362 1918 504 2009 vtique
525 1916 574 1989 ad
592 1919 773 2017 poetices
792 1914 967 2007 indolem
984 1914 1150 2011 propius
1168 1910 1244 1991 elle

245 2020 404 2091 ridetur
419 2017 616 2111 statuere,
638 2022 758 2119 ipsam
776 2021 967 2095 orationis
985 2029 1166 2091 naturam
1189 2016 1245 2089 ita

246 2121 315 2195 effe
336 2134 634 2220 comparatam,
658 2136 704 2199 vt
725 2126 939 2199 multarum
961 2129 1099 2195 rernm
1123 2120 1244 2193 sonos

245 2228 468 2325 exprimam
506 2225 793 2302 inflammatum
824 2238 959 2303 autem
997 2223 1242 2324 phantasma-

244 2337 321 2402 tum
344 2329 480 2427 specie
496 2328 649 2407 obiecta
663 2335 855 2416 atriruum,
875 2350 1134 2415 cumrerum
1154 2326 1243 2427 spe..

242 2436 313 2505 nes
329 2434 399 2505 libi
415 2435 671 2508 obuersantes
690 2449 736 2508 vt
757 2437 940 2510 oratione
955 2430 1084 2508 viuide
1106 2431 1241 2529 expri-

242 2551 336 2619 mat,
361 2538 540 2623 laborat,
565 2542 780 2613 netellario
793 2538 920 2612 inista
938 2532 1129 2611 uocabula
1146 2535 1240 2607 inci-

240 2640 350 2728 dere,
378 2641 451 2718 vel
473 2645 665 2718 orationis
679 2646 923 2742 proprietate
939 2641 1124 2715 ducente.
1177 2636 1240 2710 lta

241 2767 387 2837 graues
406 2756 452 2819 et
473 2747 638 2830 celeres,
662 2747 776 2821 lenes
800 2771 846 2822 ac
870 2748 1008 2837 duros,
1031 2744 1152 2818 sonos
1170 2739 1238 2814 vel
1321 2811 1327 2818 .

241 2869 316 2921 non
339 2848 382 2922 id
403 2870 529 2944 agens
549 2860 591 2923 et
607 2869 754 2926 cenans
766 2852 962 2925 adrerum
978 2855 1159 2922 rratruatn
1174 2865 1238 2916 ac-

240 2953 507 3026 commodabit
519 2967 560 3027 et
571 2965 708 3028 orator
721 2958 888 3050 quisque
906 2955 1036 3026 bonus
1048 2963 1089 3024 et
1109 2948 1240 3022 multo

238 3060 358 3152 magis
374 3067 511 3154 poeta.
560 3053 685 3132 Aliud
698 3057 765 3143 est¹
788 3061 832 3131 in
849 3081 931 3153 quo
948 3057 1026 3150 viri
1046 3049 1152 3127 dotti
1171 3075 1237 3124 ar-

238 3171 458 3250 gutantur,
488 3159 595 3256 quod
622 3161 764 3236 verius
794 3157 1047 3260 imperlellos
1081 3177 1164 3228 nou
1197 3157 1238 3226 ei

237 3261 410 3347 caussae,
443 3285 559 3358 quam
579 3255 646 3364 fpfl
665 3264 849 3340 Maronis
867 3263 1079 3337 familiares
1101 3257 1238 3358 prodi·
1352 3320 1356 3330 ,

237 3363 401 3462 iemrrt,
429 3367 535 3462 quod
559 3389 661 3466 opus
684 3369 793 3442 abeo
812 3390 898 3443 non
917 3366 1134 3441 absolutum
1148 3361 1237 3446 luit,

238 3488 379 3544 rerum
404 3472 535 3544 iudicii
563 3472 726 3548 alicuius
746 3472 946 3547 subtilitati
966 3469 1140 3543 tribuere
1163 3487 1236 3540 vo·

239 3568 357 3648 luere.
413 3571 518 3649 Casu
530 3573 619 3650 lieri
630 3575 776 3674 potest,
798 3587 847 3651 vt
866 3571 1007 3650 versus
1028 3567 1235 3671 'torpet-lec-

238 3687 295 3748 tus
315 3687 365 3750 et
387 3677 585 3775 abruptus
600 3681 641 3750 in
657 3679 838 3754 sermone
853 3679 1022 3776 abrupto
1039 3683 1250 3773 occurrat„

236 3781 414 3876 adeoque
443 3782 601 3856 laudem
628 3783 759 3856 nescio
788 3805 906 3878 qnam
932 3789 1078 3880 poetae
1103 3777 1235 3850 itinere

237 3881 368 3979 polilt,
401 3907 442 3960 v.
462 3909 496 3963 c.
520 3881 628 3959 Aen.
642 3885 715 3977 lv,
733 3897 795 3984 361
812 3885 947 3965 tmen
971 3875 1164 3982 noasporrte
1177 3879 1236 3974 sc-

236 4005 330 4079 qmr,
356 3989 533 4086 abrupto
550 3986 717 4080 Aeneae
739 3991 938 4076 l'ennone3
964 3990 1029 4062 vbi
1049 3984 1237 4060 Seruius:

239 4101 295 4160 ‚et
309 4097 496 4166 oratorie
511 4094 561 4165 ibi
574 4091 726 4188 finiuit,
750 4094 889 4169 vbi-vis
903 4092 1127 4187 argumenti
1141 4109 1235 4160 con·

241 4187 363 4278 istic„
436 4195 571 4290 Atqui
597 4195 673 4269 hoc
692 4219 858 4270 acumen
884 4195 942 4270 est
968 4195 1234 4267 declamatore

239 4294 409 4396 dignum,
424 4322 513 4372 non
527 4308 669 4398 poem
685 4300 813 4375 multo
826 4301 952 4396 magis
962 4299 1009 4372 ab
1022 4291 1238 4395 epica'gra-

220 4401 355 4479 *ritate
368 4403 592 4488 abhorret,
616 4423 690 4476 nec
710 4403 838 4503 potell
857 4405 1015 4503 placere
1036 4404 1078 4476 in
1094 4399 1236 4474 oratio-

450 4533 457 4544 .
729 4509 755 4582 d
780 4531 802 4606 3
1184 4523 1238 4591 ne
