3567 5400
334 532 649 611 TRACTAT.
682 532 1101 616 INVENTIONE
1154 563 1233 618 axa

256 722 394 825 pAouc,
407 734 475 820 90⁶
485 720 542 803 A.
556 720 735 815 Almel.).
762 724 919 803 Ornata
932 728 1052 801 etiam
1066 724 1124 800 est
1137 682 1237 806 oar-¹*

256 831 336 903 ratio
347 829 444 929 apud
459 826 596 903 Schoi.
609 827 659 903 ad
673 852 705 901 e.
720 828 813 903 Lex
828 829 1047 905 Acufilaor·
1062 830 1129 907 vbi
1145 846 1235 905 me..

255 944 407 1006 moratur
428 930 573 1010 Venus
596 943 766 1031 propter
785 932 1010 1031 hocipsum
1032 943 1123 1015 cum
1139 931 1231 1009 An·

255 1036 337 1109 chise
351 1035 421 1111 effe
437 1032 661 1131 congressa,
687 1036 792 1131 quod
808 1037 1002 1121 audierat,
1025 1036 1146 1117 fatale
1167 1038 1229 1111 es-

254 1140 297 1221 se,
315 1150 373 1223 rt,
391 1136 602 1213 Priamidis
627 1137 784 1220 excisis.
816 1132 986 1235 regnum
1008 1139 1154 1217 Troiae
1178 1141 1228 1217 ad

254 1238 423 1315 Anchisae
431 1240 598 1341 stirpem
615 1240 825 1337 aliquando
840 1244 1000 1318 rediret.
1033 1242 1140 1319 Nato
1153 1248 1228 1335 ita,-

250 1368 312 1439 ¹que
328 1344 482 1441 Aenea,
521 1366 614 1419 cum
637 1348 672 1418 ei
693 1344 818 1421 veliet
840 1368 1010 1440 regnum
1029 1352 1227 1426 maturius

254 1468 385 1545 parare,
408 1444 545 1523 Paridi
561 1448 624 1521 iiia
635 1446 817 1521 Helenae
831 1472 1010 1530 amorem
1024 1448 1228 1525 instillauit

255 1550 448 1649 bellumque
475 1554 717 1643 concitauit,
742 1562 790 1627 vt
807 1550 954 1647 Priami
972 1554 1090 1651 stirps
1109 1558 1235 1631 tanto'

254 1656 389 1731 celerius
405 1654 673 1730 excideretur.
707 1652 922 1741 ‘Fuerunt
936 1659 1016 1751 qui,
1035 1680 1127 1731 cum
1140 1655 1235 1731 Ae·'

254 1778 342 1831 neam
360 1762 399 1833 in
419 1760 509 1834 aliis
535 1759 668 1856 potius
689 1762 828 1845 ten-in,
861 1780 978 1855 quam
996 1763 1040 1835 io
1061 1760 1122 1833 Ilii
1141 1760 1227 1839 solo

254 1866 378 1954 aequati
392 1865 540 1953 ruinis
566 1881 735 1955 regnum
751 1862 958 1939 condidisse
970 1862 1149 1948 mallent,
1164 1868 1227 1940 in·

255 1965 489 2061 teipolatione
521 1960 623 2037 fasta
646 1956 832 2043 πάντεσσιν
863 1989 939 2067 pro
966 1960 1150 2069 ‘redeo-aa,
1182 1971 1226 2042 in

229 2124 230 2137 ,
255 2068 317 2139 suas
329 2079 460 2167 partes
472 2079 638 2167 poetam
654 2066 875 2143 traherent.
924 2068 1009 2143 Alii
1029 2071 1226 2145 diuersum

255 2168 285 2239 ab
306 2169 492 2247 Anchisae
523 2166 773 2265 Venerisqm
798 2172 880 2245 filio
906 2172 1090 2247 Aeneam
1114 2171 1225 2248 fuine

255 2268 467 2360 {tumebanta
494 2288 805 2379 erantquoque‚
830 2276 895 2371 qui
917 2278 965 2350 de
987 2288 1103 2376 patre
1120 2276 1225 2375 male

255 2390 484 2453 memoratum
503 2377 699 2472 dicerent,
714 2376 818 2473 quod
835 2382 883 2453 ad
899 2377 1113 2453 Ascanium
1130 2379 1226 2454 esset

256 2482 513 2565 reuocandumr
548 2482 611 2553 alii
636 2480 805 2576 denique
828 2480 1010 2556 Aeneam
1032 2483 1152 2565 rebus
1181 2485 1226 2556 in
1347 2550 1352 2565 ,

255 2578 338 2657 ltalia
347 2584 574 2659 constitutis
586 2580 745 2657 Troiam
764 2583 839 2657 effe
859 2584 1060 2659 reuersum
1082 2608 1135 2659 ex
1154 2609 1226 2658 eo·

254 2682 316 2759 dem
330 2688 391 2762 illo
402 2689 499 2764 loco
514 2686 582 2762 Abi
596 2684 879 2786 persuaserant.
905 2689 1120 2791 v.'Dionys.
1136 2687 1224 2784 Ha-

255 2786 295 2858 iic.
305 2789 328 2874 1,
337 2817 380 2885 53.
430 2791 567 2888 Quam
584 2791 782 2866 celebrata
797 2796 903 2866 inter
913 2802 1077 2867 veteres
1091 2795 1135 2866 et'
1149 2813 1224 2864 no-

254 2889 314 2964 bilis
325 2895 452 2972 debuit
467 2893 548 2991 esse
561 2897 752 2978 narratio,
776 2917 877 2990 quae
899 2919 989 2972 cum
1006 2905 1117 2970 tanta
1136 2899 1226 2994 opi-

255 2997 386 3073 nionum
413 2995 615 3077 varietate
645 2997 686 3071 in
712 2997 884 3088 'diuersas
913 3010 1051 3099 partes
1080 2997 1225 3076 tratta-

254 3102 352 3178 retur!
965 3179 969 3186 ,

304 3201 436 3277 Strabo
463 3203 624 3302 quidem
648 3203 801 3298 wulgari
827 3205 1044 3278 narrationi
1065 3205 1115 3280 de
1134 3201 1231 3307 Aeg

229 3383 231 3418 γ
255 3323 326 3380 neae
339 3310 543 3383 erroribus
559 3321 601 3382 et
615 3307 752 3382 Italiae
772 3307 878 3382 aditu
895 3311 1057 3380 omnino
1072 3330 1222 3408 repug-

229 3419 230 3458 i
256 3427 323 3482 aare
338 3411 471 3485 locum
491 3410 756 3486 Homericum
780 3408 1041 3496 existimabat;
1079 3413 1117 3485 in
1143 3411 1235 3510 hocss

229 3465 231 3586 A
256 3511 329 3586 enin
352 3517 484 3611 innui,
510 3509 695 3587 Aeneam
720 3512 767 3586 ad
783 3512 942 3588 Troiam
963 3517 1010 3608 (ἐν
1029 3513 1077 3607 aa?
1094 3517 1223 3620 Turia)

229 3651 230 3672 .
255 3615 410 3702 mansne,
437 3623 479 3692 in
499 3637 669 3714 regnum
690 3615 898 3690 successisse
918 3618 1032 3712 idque
1052 3618 1229 3716 posteris'

255 3711 308 3788 suis
320 3717 522 3818 reliquisse.
572 3715 710 3794 Potuit
731 3733 864 3793 tamen
890 3719 1073 3795 Troianis
1095 3725 1221 3819 impe-

229 3829 230 3874 t
254 3823 308 3892 nri
319 3825 358 3897 ab
372 3823 520 3898 Aenea
533 3826 652 3900 etiam
668 3823 754 3898 aliis
772 3826 810 3896 in
830 3823 939 3899 loeis.
954 3827 1075 3925 etiam¹
1085 3827 1124 3896 in
1140 3825 1235 3924 lta-j

254 3915 301 4004 lin
321 3941 358 4001 et
370 3929 434 4002 vel
447 3929 529 4001 hoc
541 3927 680 4025 posito,
706 3927 901 4000 sententia
916 3929 982 4002 sua
999 3927 1234 4002 Homerico‘

256 4021 317 4099 loco
333 4029 503 4116 constrata
540 4031 742 4123 quodiam
765 4029 929 4125 Dionys.
950 4031 1096 4116 Halia.
1128 4047 1220 4106 acu-
1254 4086 1256 4089 -

257 4141 300 4202 tus
316 4135 496 4236 scriptor,
531 4133 647 4220 vidit,
671 4133 733 4208 lib.
753 4130 784 4216 1,
798 4155 883 4232 cap.
896 4158 949 4226 53.
1001 4131 1120 4228 Quod
1135 4145 1234 4209 tam

229 4289 231 4336 ,
257 4229 381 4312 obscure
399 4235 611 4315 oraculum
628 4235 743 4330 illud.
757 4233 937 4336 Neptuni
958 4238 1106 4312 extulit
1129 4237 1220 4312 Ho-

229 4337 231 4456 ζ
255 4353 364 4426 uerus,
377 4342 626 4433 ammarum
641 4351 683 4416 et
693 4361 848 4444 murem
861 4341 1141 4429 vaticiniorum
1154 4357 1240 4424 acsi

1041 4467 1221 4521 commo-
