3567 5400
427 580 453 619 ⁸,
497 504 613 587 talax
639 482 859 595 DlSQV·'
878 486 946 572 ll·
973 484 1331 577 DE-'REMN
1361 492 1502 583 AEN

499 695 707 773 sollicitum·
751 684 832 767 set
849 691 959 761 nanc
976 688 1162 765 vnioerle
1176 688 1391 786 nonnulla‚·
1402 710 1511 792 quae

503 798 556 876 ad
576 798 748 872 fabulam
761 790 959 867 Aeneidis
975 790 1167 891 spectant,
1190 792 1412 871 summatim
1432 818 1511 875 ex.

501 922 658 1008 ponere
683 894 889 976 confilium
908 908 1010 970 erat.
1137 938 1141 945 ·
1241 931 1244 935 Δ

580 1052 653 1133 Vl.
669 1050 786 1147 Quod
795 1073 856 1152 per
864 1044 1119 1150 praelatam
1129 1046 1283 1154 ambages
1294 1058 1407 1129 totus
1420 1048 1512 1129 Ae·

498 1152 633 1251 ,aleidis
658 1156 846 1233 decursus
865 1155 1167 1253 praecipitatur,
1198 1157 1306 1231 inter
1325 1158 1511 1255 ingenio-

403 1294 409 1309 ·
506 1262 635 1341 fillimi
654 1270 799 1361 poetae
818 1260 984 1331 inuenta
996 1282 1021 1331 a
1034 1270 1370 1335 me‘numeratum
1382 1260 1439 1337 est
1451 1262 1509 1353 ⁶).

497 1366 655 1457 ,Miram
673 1365 781 1439 enlm
799 1360 848 1435 ad
866 1361 1071 1437 hominum
1089 1362 1244 1437 animos
1262 1366 1342 1440 vim
1358 1361 1511 1442 habent

506 1470 733 1547 futurarum
761 1488 899 1539 rernm
926 1464 1265 1551 denuntiationes,
1301 1476 1347 1541 et
1372 1492 1429 1543 ex
1456 1463 1511 1547 iis

499 1584 690 1669 ,euentus
740 1566 901 1672 Quippe
916 1590 963 1641 ea
977 1566 1034 1642 est
1047 1571 1207 1665 generis
1224 1569 1388 1647 humani
1402 1584 1510 1648 tam-

506 1700 624 1773 quam
644 1670 827 1759 infantia,
865 1682 912 1749 vt
934 1673 1083 1746 maiore
1102 1669 1312 1747 miratione
1332 1674 1510 1751 oontatti

505 1782 627 1857 limus
647 1796 806 1864 omnes,
835 1773 1034 1859 afutura,
1057 1776 1176 1849 etiam
1194 1773 1297 1851 male
1316 1781 1510 1873 gerenda,

504 1876 720 1987 prouideri,
728 1902 845 1975 quam
857 1874 889 1953 ‘fi
901 1877 1122 1978 praesentia
1136 1878 1236 1955 bene
1246 1878 1432 1958 constitui
1445 1888 1510 1962 vi-

505 1988 679 2063 deamus
732 1981 805 2058 Est
823 2004 947 2083 porto
966 1982 1354 2059 accommodatissima
1372 1989 1508 2085 ¹poeti.

506 2114 578 2170 cae
594 2090 666 2163 arti
680 2098 721 2163 et
730 2085 904 2161 orationi
924 2084 990 2159 illa
1003 2082 1246 2183 expoliatio,
1269 2111 1388 2183 quam
1400 2093 1509 2167 vati.

499 2186 611 2269 'omia
628 2192 798 2275 faciunt,
820 2198 863 2267 at
882 2198 1027 2287 poetae
1042 2188 1223 2287 spiritum
1238 2190 1339 2265 nihil
1352 2194 1508 2270 maiore

506 2320 599 2373 cum
614 2298 652 2371 vi
667 2286 837 2391 impellit
850 2304 891 2367 et
902 2290 1131 2377 inflammat,
1155 2315 1276 2394 quam
1289 2302 1425 2372 vatum
1439 2296 1507 2374 fu.

506 2424 596 2485 mr,
623 2410 663 2475 et
681 2397 934 2472 oraculorum
952 2395 1148 2491 ambages.
1206 2394 1384 2475 Tandem
1403 2398 1505 2479 Vn-

503 2504 623 2601 gilius
647 2524 694 2575 ea
714 2510 843 2575 aetate
864 2501 1043 2585 vitiabat,
1066 2522 1143 2596 qua
1164 2506 1278 2577 totus
1296 2513 1503 2579 tertarum

502 2610 612 2683 orbis
627 2609 729 2680 miro
742 2604 1019 2681 vaticiniorum
1034 2612 1076 2677 et
1087 2604 1341 2681 oraculorum
1360 2631 1504 2689 amore

457 2717 471 2798 j
504 2709 733 2788 insaniebat:
751 2707 803 2782 cf.
819 2707 987 2803 Argum.
1002 2705 1090 2782 Ecl.
1103 2707 1182 2804 IV,
1208 2711 1264 2784 ita
1276 2723 1323 2787 vt
1342 2711 1412 2787 ista
1422 2736 1504 2788 ex-

502 2813 720 2916 pediendae
733 2813 971 2886 uenationis
988 2813 1122 2911 epicae
1140 2814 1243 2887 ratio
1264 2838 1340 2914 pro
1359 2814 1503 2892 felicis..

504 2919 602 2996 fimo
628 2921 796 2992 inuento
819 2915 944 3010 vulgo
965 2913 1099 2992 haberi
1118 2914 1294 2993 deberet.
1344 2917 1418 2996 Est
1435 2931 1503 2996 ta-

506 3044 603 3098 men
636 3022 754 3094 etiam
786 3015 865 3094 hoo
900 3031 1175 3122 oommmtum
1207 3023 1264 3094 ita
1292 3046 1503 3122 compara.

503 3137 613 3206 tum,
635 3134 682 3200 vt
702 3145 789 3198 rem
818 3144 902 3196 non
930 3122 1261 3217 excogitassent
1289 3129 1503 3204 commode

501 3229 676 3304 oblatam
695 3219 892 3326 sapienter
910 3226 952 3300 in
972 3225 1068 3306 ‚vsus
1086 3225 1177 3302 suos
1188 3231 1427 3306 conuertisse
1440 3232 1504 3306 dl·

500 3333 654 3410 oendus
675 3329 734 3407 fit
796 3327 905 3406 Miro
929 3331 1038 3404 enim
1058 3322 1240 3405 omnium
1261 3333 1502 3432 scriptorum

499 3431 693 3511 consensu
705 3441 793 3510 tota
805 3431 854 3507 de
866 3427 1005 3508 Aenea
1017 3434 1196 3518 narratio
1210 3458 1286 3534 per
1299 3439 1503 3526 vaticinia,

499 3539 683 3628 oracula,
718 3532 887 3631 somnia,
917 3539 1080 3631 auguria
1100 3547 1142 3612 et
1158 3540 1294 3614 omina
1310 3543 1503 3636 exigitur,

500 3643 583 3718 fiue
600 3641 678 3716 hoo
700 3654 930 3739 poetarum,
953 3641 1134 3736 aquibus
1149 3641 1199 3716 ab
1221 3644 1333 3719 initio
1349 3667 1399 3718 ea
1420 3643 1502 3723 fuit

496 3737 683 3830 trattata,
708 3743 788 3819 liue
801 3746 1056 3838 antiquorum
1072 3743 1292 3831 homiuum,
1317 3750 1502 3844 aquibus

498 3850 645 3950 posteri
666 3871 753 3922 eam
772 3856 1032 3945 acceperunt,
1053 3849 1223 3944 ingeniis
1242 3839 1499 3932 tribuendum

495 3953 565 4030 ea
599 3953 761 4030 Tamiani
775 3951 864 4024 sane
881 3945 1113 4048 ePlarygia‚
1138 3957 1395 4048 auguriorum
1410 3980 1499 4032 om-

469 4077 471 4084 ·
496 4061 670 4154 numque
686 4051 927 4132 vaticinandi
943 4077 991 4130 ac
1002 4055 1205 4132 diuinandi
1226 4060 1374 4134 attium
1386 4059 1499 4154 quali

1361 4175 1499 4240 matie

535 4327 569 4402 ¹¹)
596 4326 664 4406 Sup.
681 4327 785 4407 Diaqm
802 4327 824 4389 1.
848 4325 867 4391 s.
882 4328 930 4391 IX.
945 4330 1021 4391 XVl.
