3567 5400
546 566 621 643 an
657 562 890 643 ninnvn
913 562 978 679 ,m
1202 584 1261 665 ες,

256 748 359 833 phiarn
371 747 457 809 nobis
472 758 619 825 tamquam
632 749 741 819 autina
754 747 919 825 appendisse
932 756 983 807 aut
997 746 1207 819 mnumerasse,
1228 758 1263 815 vt

256 841 335 897 adeo
351 839 389 898 ad
402 836 481 895 illam
496 836 595 895 omnia
607 836 743 895 reuocari
756 836 876 911 poffint3
891 855 997 897 verum
1013 834 1124 893 miscuit
1137 834 1186 893 ille
1199 836 1260 913 Py·

257 928 400 1003 thagorea
418 923 596 993 Platonicis,
618 935 680 981 tum
702 922 940 992 cenomanen,
962 919 1210 998 philosophemata
1223 922 1261 981 il·

256 1013 321 1071 lum
345 1030 413 1069 cum
433 1006 542 1069 duodo
561 1021 592 1069 et
611 1007 726 1085 poetica
746 1011 810 1089 lege
832 1007 979 1080 trashasse,
1011 1020 1040 1067 et
1063 1010 1101 1080 ad
1122 1010 1261 1088 vulgares

258 1098 412 1173 opiniones
429 1110 457 1155 et
476 1096 645 1172 popularem
658 1094 869 1171 philosophiam
885 1094 1051 1166 deflexisse,
1074 1107 1137 1155 nrm
1152 1096 1207 1155 alia
1220 1114 1261 1157 ex

256 1182 454 1259 superstitione
467 1180 584 1261 vulgari
596 1181 787 1252 immiscuisse.
811 1184 892 1258 quod
906 1196 1021 1257 poetam
1036 1182 1150 1256 epicum
1161 1180 1259 1245 facere

255 1270 302 1330 sas
323 1285 394 1329 erat.
438 1271 484 1327 Eo
503 1268 709 1346 purgationum
728 1271 851 1340 modos,
874 1288 948 1347 quos
969 1267 1107 1345 supplicia
1122 1270 1259 1345 appellat,

256 1356 369 1426 refero,
389 1378 423 1415 v.
439 1371 636 1432 739-742,
650 1354 704 1413 vbi
714 1377 747 1414 v.
761 1356 831 1417 Not.
875 1356 1006 1417 Eosdem
1019 1355 1050 1413 in
1063 1354 1191 1417 Etruscis
1204 1377 1257 1419 va.

254 1442 294 1503 sss
309 1441 456 1519 expressos
471 1440 525 1501 effe
546 1440 665 1517 suspicio
684 1442 797 1501 estnon
810 1460 887 1505 vane
904 1441 990 1501 Gorii
1003 1440 1074 1501 llus.
1090 1440 1203 1501 Etnrsc.
1217 1445 1258 1505 Τ.

254 1531 294 1599 ll,
309 1551 340 1605 p.
355 1542 419 1604 148.
435 1528 561 1605 raa‘sqq.
595 1528 712 1588 Passeris
723 1529 850 1617 Paralip.
864 1549 894 1604 p.
909 1546 960 1604 ¹39
973 1526 1037 1591 Vas.
1051 1526 1165 1587 Ennsc.
1179 1529 1220 1588 T.
1231 1530 1258 1601 1,

254 1636 288 1693 p.
304 1630 356 1689 50.
398 1616 492 1674 Aliter
505 1619 542 1673 de
557 1615 602 1675 his
619 1612 763 1692 suppliciis
780 1614 956 1691 disputatum
970 1616 1118 1675 aPlatone
1135 1614 1164 1673 in
1179 1614 1257 1675 Gor.

257 1704 305 1781 gia
321 1722 350 1777 p.
363 1719 421 1778 357
435 1702 553 1777 E.‚.qui
567 1700 646 1761 sedes
661 1700 810 1763 dochinae
824 1703 872 1762 est.
902 1703 988 1766 Adde
1002 1702 1150 1763 Plutarch.
1164 1704 1203 1759 de
1214 1699 1257 1761 se·

255 1808 290 1849 ra
307 1809 388 1849 num.
408 1789 493 1848 vind.
509 1790 550 1847 T.
565 1790 602 1859 ll,
617 1794 690 1863 564.
732 1789 779 1849 De
797 1787 959 1851 millenario
974 1808 1119 1849 annorum
1134 1804 1258 1851 numero

253 1896 288 1937 v.
303 1876 374 1937 Not.
391 1879 427 1935 ad
443 1881 475 1937 st.
493 1891 568 1953 745.

487 1998 492 2012 '
571 2006 826 2094 arcvnsvs
863 2030 940 2092 xrv
1152 2089 1155 2117 ,

308 2126 519 2199 Futurcrnm
531 2148 641 2197 enum
648 2125 886 2220 prmdisiicncr
902 2128 935 2223 in
950 2124 1034 2217 apim
1050 2126 1200 2199 carmine.
1245 2202 1248 2221 Ι

299 2248 351 2319 vl,
370 2265 430 2325 732
446 2246 508 2326 sqq.
529 2250 570 2307 lta
588 2248 649 2309 sere
669 2252 820 2310 hominum
835 2249 985 2330 ingenium
1006 2248 1075 2321 sert,
1097 2264 1132 2311 vt
1145 2250 1258 2309 sutura·

253 2356 323 2397 rum
336 2352 434 2395 rerum
451 2335 623 2395 obscuritate
636 2339 727 2397 multo
745 2337 836 2417 magis
851 2350 1040 2409 moueantur,
1065 2358 1152 2414 quam
1171 2356 1255 2414 prae-

251 2420 342 2482 sentis
361 2421 445 2483 slatus
462 2421 675 2499 perspicacitate
692 2440 720 2483 ct
733 2424 898 2491 euidentia;
920 2424 1029 2495 vtica,
1054 2441 1128 2499 quae
1141 2438 1257 2499 praeter·
1342 2468 1346 2479 .

253 2522 376 2567 naturae
397 2531 509 2569 morem
524 2510 614 2582 fiunt,
635 2511 742 2589 vulgus
756 2509 908 2571 hominum
927 2512 1018 2571 multo
1035 2510 1126 2587 magis
1142 2512 1255 2585 percel-

252 2598 332 2663 lunt,
355 2614 441 2670 quam
457 2614 531 2673 quae
544 2616 582 2655 ex
597 2598 745 2672 praeclaro
761 2612 877 2657 naturae
892 2596 994 2655 ordine
1008 2598 1183 2673 procedunt,
1204 2594 1257 2673 qui

252 2695 354 2743 tamen
366 2679 470 2742 animis
486 2682 585 2744 nothis
594 2684 684 2744 multo
695 2682 830 2746 clariores
839 2703 872 2746 ac
880 2683 1056 2759 potentiores
1068 2683 1255 2744 admirandae

252 2779 287 2827 et
307 2769 471 2830 adorandae
489 2769 604 2830 disrinae
624 2783 745 2832 namrae
757 2792 791 2831 ac
805 2771 1007 2849 prouidentiae
1029 2771 1136 2830 caussas
1151 2770 1254 2847 suppe-

253 2855 351 2914 ditare
362 2869 476 2933 poterat
492 2875 525 2916 ac
546 2859 679 2917 debebat.
725 2859 782 2918 Sed
797 2859 940 2923 caecutire
956 2859 1098 2918 malumus
1112 2858 1143 2916 in
1158 2858 1256 2916 incer·

251 2941 293 3002 tis
309 2962 396 3018 quam
415 2942 446 3002 in
465 2943 552 3003 certis
568 2942 772 3020 perspiciendis
789 2940 980 3022 acquiescere.
1023 2945 1123 3022 ltaque
1140 2957 1255 3022 poetae,

252 3027 309 3106 qui
323 3029 464 3090 humanae
479 3045 595 3091 naturae
610 3050 721 3091 momm
736 3043 765 3091 et
778 3030 908 3094 indolem
919 3032 951 3092 in
963 3029 1027 3092 suos
1043 3031 1108 3092 vius
1124 3033 1255 3102 trahunt,

253 3133 321 3176 rem
334 3117 475 3177 videnmt
488 3117 542 3177 esse
558 3119 877 3178 accommodatissimam
891 3123 928 3178 ad
943 3119 1054 3180 animos
1070 3123 1211 3180 tenendos
1227 3127 1257 3178 et

248 3200 463 3276 delesiandos,
486 3217 520 3264 vt
532 3221 571 3264 ex
585 3224 685 3264 rerum
698 3205 837 3285 gestarum
849 3205 991 3268 memoria
1004 3225 1054 3278 ea,
1077 3225 1151 3282 qnae
1167 3226 1255 3284 argu·

250 3287 348 3349 menti
361 3289 438 3367 epici
455 3305 585 3366 tempore
605 3291 693 3351 essent
706 3291 830 3363 seriora,
853 3312 907 3369 per
925 3293 1056 3354 vaticinii
1072 3295 1193 3352 modum
1209 3291 1253 3350 in·

228 3389 410 3446 ·tcxerent·,
433 3398 491 3454 quo
507 3377 629 3437 arnficio
648 3375 701 3454 ipsr
713 3379 814 3458 tragici
828 3379 927 3456 copias
942 3377 1113 3440 dramaticus
1130 3377 1254 3454 amplifi·

245 3481 321 3522 care
341 3483 401 3522 non
416 3464 564 3544 dedignati
580 3462 651 3525 sunt.
695 3465 735 3527 Vt
751 3464 828 3527 enim
845 3479 955 3526 taccam
971 3464 1088 3528 vmbras
1106 3481 1254 3537 euocatos,

242 3559 414 3627 vatumque
438 3551 539 3621 effata,
565 3553 616 3626 vel
638 3553 774 3624 oracula,
798 3571 872 3630 quae
892 3554 990 3632 passim
1011 3553 1042 3612 in
1064 3553 1179 3632 tragicis
1201 3571 1253 3611 oc·

247 3649 394 3707 currunt,
415 3634 552 3715 Aeschyli
565 3640 757 3700 Prometheus
773 3639 888 3702 vinetus
904 3642 951 3700 Ius
965 3639 1024 3700 sata
1040 3639 1144 3700 diserto
1160 3651 1189 3699 et
1205 3659 1253 3697 or·

248 3734 323 3783 nato
342 3724 483 3784 vaticinio
503 3728 640 3801 exponite
661 3725 719 3786 sata
739 3748 814 3788 vero
832 3727 946 3788 Troiae
967 3745 1073 3806 resque
1094 3727 1155 3804 posl
1171 3727 1252 3799 Τωι,
1293 3787 1295 3793 ,

247 3811 312 3870 iaus
324 3827 520 3890 expugnamur
536 3811 696 3874 doffiffimo
713 3817 841 3889 dramate
855 3815 1063 3891 Lycophronis
1082 3814 1254 3880 Cassandrae

245 3897 362 3958 maiore
377 3899 479 3976 vtique
494 3921 563 3960 cnm
576 3901 621 3972 ai,
643 3921 733 3978 quana
751 3901 771 3960 sr
788 3905 908 3965 eaedem
923 3921 969 3962 res
985 3901 1045 3962 iarn
1062 3901 1151 3980 gessae
1168 3911 1197 3962 et
1215 3901 1255 3960 ad

246 3997 392 4045 euentum
414 3985 574 4062 perductae
593 4001 724 4056 namaue
749 3989 844 4050 essent
890 3990 949 4048 Sed
972 3989 1070 4066 spicae
1095 3985 1255 4048 narrationi

247 4071 408 4134 variandae
432 4087 461 4134 et
482 4075 701 4150 locupletandae
724 4074 788 4136 talis
811 4074 945 4138 vaticinii
963 4074 1103 4154 expositio
1119 4071 1252 4152 inprimis

246 4163 471 4220 accommodata
485 4159 518 4222 lie
532 4161 642 4222 necesse
657 4163 716 4236 eli,
738 4183 806 4224 cum
815 4181 860 4224 ex
874 4161 1038 4224 futurarum
1055 4180 1153 4222 rerum
1167 4181 1251 4240 prae·

247 4245 504 4308 deauratarum
513 4251 672 4326 voluptatis
688 4269 756 4312 curn
773 4250 964 4312 admiratione
978 4251 1094 4328 capiant
1106 4250 1253 4309 mortales.

248 4335 322 4420 Quo
340 4335 430 4416 mans
445 4338 500 4397 tale
513 4336 678 4414 episodiuur
690 4341 852 4414 optandum
866 4337 923 4398 suit
934 4337 1070 4418 Virgilio,
1093 4338 1174 4397 cuius
1192 4347 1253 4398 rou

245 4420 357 4484 Aeneis
373 4441 412 4484 ex
428 4422 574 4512 ow.
594 4421 730 4497 sonnis,
752 4437 784 4486 et
795 4424 943 4498 vaticiniis
956 4427 1075 4503 pendet.

1128 4509 1251 4569 Praedi-
