3567 5400
531 555 674 621 xxxia
808 526 1222 630 DiSQVlSlTIO
1253 528 1275 611 1

528 723 779 805 :habilitatem
801 724 961 819 egregie
987 746 1149 821 quoque
1181 725 1275 801 lunt
1300 734 1543 825 comparata.

539 828 619 904 Sed
640 851 730 903 cum
752 826 1189 926 plura·huius·ge11eris
1208 832 1362 905 narrari
1384 828 1545 929 poffint,

539 935 645 1007 etin
662 930 782 1007 Notis
805 942 850 1005 et
864 930 1112 1009 Excurfibus
1131 930 1269 1056 pallito
1285 944 1432 1009 notata
1455 935 1545 1016 lint.

528 1038 579 1118 sn
600 1034 744 1113 dilettu
768 1048 902 1112 tamen
922 1033 1089 1114 Aeneae
1112 1042 1245 1132 magni
1268 1052 1413 1137 poetae
1429 1043 1545 1131 inge-

529 1144 650 1217 oium
668 1162 715 1214 ac
733 1139 917 1215 iudicium
936 1136 1096 1213 doctum
1113 1149 1156 1213 et
1176 1141 1324 1236 exqurs
1327 1154 1410 1215 tum
1440 1143 1544 1215 nibil

531 1244 664 1338 magis
676 1245 817 1339 arguit,
832 1266 949 1337 quam
964 1243 1067 1337 quod
1081 1266 1171 1324 eum
1190 1243 1424 1367 potillirnunr
1437 1245 1542 1319 Car-

528 1350 658 1427 minis
671 1347 726 1421 sui
741 1346 906 1419 beroem
922 1348 1218 1445 circumspexit,
1240 1352 1307 1444 qui
1326 1352 1365 1423 in
1384 1350 1468 1423 Itali
1472 1375 1543 1425 :ull

526 1449 736 1529 Jroranor
739 1473 802 1525 um
817 1449 1012 1525 coloniam
1030 1449 1260 1538 deduxerat,
1281 1475 1432 1527 nouum
1448 1478 1544 1549 reg·-

528 1578 636 1631 uum
656 1557 697 1627 in
716 1552 840 1627 Latio
860 1552 1134 1641 constituerat,
1159 1554 1265 1629 vnde
1279 1554 1408 1631 Albae
1425 1556 1542 1629 Lon

498 1748 500 1753 .
526 1682 611 1753 gae
621 1657 797 1753 adeoque
813 1658 931 1731 etiam
941 1656 1094 1729 Romae
1106 1660 1281 1751 origines
1298 1658 1542 1759 'repeteban-

534 1773 623 1847 tur,
646 1763 791 1856 quique
804 1760 919 1837 adeo,
942 1758 1013 1832 etsi
1030 1782 1105 1833 nec
1124 1762 1270 1835 nobis
1260 1774 1391 1883 ingrat
1386 1786 1458 1839 um
1475 1762 1542 1837 ei-

526 1864 573 1943 se
594 1863 744 1963 potest,
772 1866 910 1939 tanti
901 1864 1053 1961 imperii
1073 1866 1221 1961 primas
1243 1868 1417 1961 uligines
1437 1890 1544 1960 cog-

530 1968 719 2063 noscere,
754 1976 890 2041 tanuen
914 1966 1124 2053 Romanis,
1167 1970 1479 2079 antiquitatis
1439 1971 1541 2045 suae

524 2070 948 2170 tantopereltudiosss,
971 2092 1077 2145 vnus
1091 2076 1270 2145 omnium
1284 2056 1542 2147 maximeac-

528 2187 676 2299 ceptus
698 2186 741 2249 et
759 2174 1055 2251 commendatus
1078 2172 1154 2249 elie
1176 2174 1320 2251 debuit.
1370 2175 1541 2271 Argiue

524 2282 666 2374 itaque
690 2290 732 2361 et
754 2278 988 2374 ingeniose
979 2280 1179 2375 inprimis
1204 2278 1329 2355 statim
1351 2280 1541 2356 versibus

494 2399 497 2407 ’
530 2396 656 2483 poeta
671 2383 919 2462 audientibus
941 2382 1153 2481 pollicetur
1169 2384 1439 2457 narrationem
1463 2409 1540 2457 re.

527 2510 635 2581 rura,
661 2488 836 2582 aquibus
850 2509 990 2579 ongo
976 2483 1130 2559 Romae
1146 2484 1308 2561 dedudta
1329 2486 1443 2563 eil'et.
1465 2514 1541 2586 ge-

522 2614 591 2665 nos
602 2590 684 2667 unda
697 2588 855 2667 Latinam
867 2588 1052 2690 Albanique
1061 2598 1128 2687 pot
1128 2613 1179 2663 res
1191 2600 1287 2692 utque
1300 2588 1387 2665 altae
1401 2616 1507 2665 nroen·
1510 2619 1541 2669 a

525 2692 680 2772 Romae)
733 2692 863 2788 Quam
889 2690 1098 2814 magnifica
1127 2690 1226 2766 haec
1257 2691 1495 2792 promiliio'
1486 2721 1538 2771 ιιι

520 2798 663 2875 fronte
685 2802 779 2879 noui
803 2797 938 2896 operis
967 2805 1006 2872 et
1033 2795 1079 2870 ad
1100 2799 1254 2888 animos
1280 2821 1334 2872 ex
1335 2795 1537 2898 pettatio.

524 2925 581 2976 ne
613 2900 824 2998 erigendos
854 2899 1059 2975 idonea!
1085 2881 1150 2976 De
1180 2823 1360 2976 Aeneap
1358 2905 1537 2998 eiusque

518 3008 729 3083 erroribus
750 3029 795 3105 ac
815 3002 907 3078 fatis
927 3024 1070 3080 omnes
1087 3013 1247 3080 veteres
1260 3007 1422 3080 annales
1436 3005 1536 3080 Ro..

523 3133 733 3183 manorum
766 3107 1053 3203 loquebantur,
1094 3105 1199 3202 quod
1234 3131 1286 3182 ex
1319 3107 1537 3204 fragmen-

520 3217 576 3287 tis
612 3209 749 3312 palllm
783 3238 806 3285 a
841 3209 956 3287 Sext.
985 3211 1153 3285 Aurelio
1189 3209 1352 3288 Victore
1389 3213 1538 3288 serua·
1572 3227 1573 3238 ¹

520 3319 574 3396 tis
598 3331 716 3390 etex
738 3313 932 3411 Dionysio
958 3339 1003 3388 ac
1028 3314 1147 3388 Festo
1175 3315 1266 3389 satis
1294 3315 1424 3413 colligi
1452 3341 1539 3416 po-

518 3419 616 3505 tcst;
641 3423 997 3518 attigeratquoque
1012 3417 1204 3492 Troianas
1222 3441 1286 3492 res
1302 3417 1463 3493 Ennius
1481 3425 1535 3500 in

518 3521 766 3608 Annalibus,
792 3535 839 3598 vt
857 3523 997 3616 colligo
1021 3521 1058 3598 v.
1078 3545 1111 3594 c.
1135 3545 1187 3594 ex
1213 3521 1352 3618 fragm.
1376 3546 1465 3622 pag.
1485 3537 1538 3624 6,

518 3629 769 3723 eistademque
785 3625 964 3699 Aeneam
980 3628 1019 3698 in
1035 3625 1250 3710 nonnullis,
1275 3648 1378 3720 quae
1391 3627 1543 3701 inter-

517 3733 719 3815 ciderunt,
743 3728 1245 3806 Graecorumcarminibus
1259 3741 1394 3827 partes
1408 3729 1541 3806 susti-

515 3835 639 3910 nuiile
656 3857 737 3908 non
751 3835 953 3916 obicuruS,
982 3854 1038 3905 ex
1050 3831 1342 3930 Lycopbrune,
1367 3835 1433 3928 qui
1448 3859 1542 3910 an

515 3939 686 4036 tiquiora
710 3938 889 4033 collegit,
922 3949 962 4010 et
983 3957 1036 4008 ex
1059 3935 1319 4010 imitatoribus
1347 3936 1414 4012 seu
1444 3961 1543 4016 ex-

512 4041 772 4146 scriptoribus
793 4052 977 4118 veterum
1002 4041 1040 4113 in
1044 4039 1216 4136 telligas,
1256 4037 1409 4134 Quinto
1437 4039 1545 4116 Ca..

512 4139 625 4263 labro
646 4147 710 4221 lib.
725 4144 785 4220 Xi
809 4157 853 4220 et
872 4166 926 4218 ex
948 4140 1104 4239 uiuye.
1158 4141 1261 4220 Cum
1278 4153 1410 4218 autem
1429 4165 1545 4222 om.

513 4245 620 4326 nino
632 4253 671 4324 in
693 4245 944 4324 Graecorum
963 4246 1313 4344 Romanorumque
1332 4247 1443 4320 libris
1466 4250 1546 4330 de

447 4426 451 4436 ,
511 4351 656 4431 Aenea
674 4365 757 4432 tam
778 4352 905 4430 multa
921 4361 1083 4483 narrata
1098 4350 1241 4441 client,
1267 4363 1442 4488 paratas
1447 4373 1547 4425 or·-

1192 4495 1197 4502 ·
1394 4459 1546 4541 nandi
