3567 5400
497 559 570 643 276
802 543 1132 624 EXCVRSVS
1171 543 1187 620 Ι

497 734 577 801 rica,
599 750 631 790 v·
644 724 748 788 -ouia
763 727 789 787 11
804 726 872 786 Am,
890 739 941 795 ιε,
965 739 994 785 ct
1008 725 1223 786 Posthomerica
1237 727 1262 786 ll
1277 745 1314 788 ex
1329 730 1426 788 Ponto
1451 727 1499 800 id,

499 839 541 892 13,
557 821 628 878 item
644 815 862 881 Camerinus,1V
878 830 917 872 ex
933 813 1028 872 Ponto
1045 820 1088 883 16,
1107 821 1137 884 ⁶,
1155 814 1205 874 vbi
1222 837 1253 875 v.
1271 829 1331 874 not.
1349 835 1387 873 ex
1406 816 1497 874 Grae·

500 909 543 967 eis
557 907 619 964 sere
636 923 686 962 eor
704 900 750 960 sua
767 899 905 960 effinxisse
915 941 926 970 ,
951 903 1118 976 exemplum
1135 919 1258 980 eorum,
1272 903 1323 978 qui
1339 901 1499 978 superstites

500 993 586 1063 sunt,
624 992 744 1048 credere
766 989 797 1046 iu
818 1002 856 1047 et.
909 987 1018 1047 Verum
1043 991 1079 1046 de
1102 994 1209 1048 Latinis
1233 995 1387 1058 Homeristis
1414 989 1501 1048 dodie

503 1099 581 1142 nunc
605 1076 665 1157 egit
690 1081 784 1136 Wem
849 1073 910 1135 .V·
928 1073 965 1134 C·
988 1073 1018 1132 itt
1041 1079 1118 1133 ΡΜ.
1135 1080 1231 1152 minag.
1258 1075 1300 1134 Τ.
1316 1077 1367 1146 IV,
1384 1095 1415 1152 p.
1433 1079 1500 1149 565.

504 1165 612 1246 tuse·
632 1175 705 1241 ⁵79·

546 1281 658 1345 Manita
678 1279 737 1338 iam
755 1286 784 1338 et
797 1275 937 1354 patesadla
952 1277 991 1338 est
1011 1277 1080 1350 via,
1102 1290 1138 1342 vt
1153 1283 1291 1341 accedere
1314 1281 1448 1360 poffimus
1464 1280 1504 1338 ad

505 1371 557 1441 id,
582 1370 663 1428 cuius
689 1365 781 1426 caussa
804 1377 894 1424 totam
918 1365 991 1427 hanc
1012 1365 1232 1442 disputationem
1255 1367 1447 1444 suscepimus,
1468 1375 1505 1424 vt

504 1457 614 1520 scilicet
637 1472 829 1530 quaeramur,
852 1475 927 1527 quem
938 1461 1094 1528 pereffluerem
1109 1477 1141 1512 ex
1158 1461 1288 1514 veterilus
1303 1463 1389 1529 poetis
1407 1459 1502 1526 Virgi-

505 1553 558 1606 tius
574 1549 603 1604 in
617 1547 719 1600 excidio
737 1545 849 1599 Troiano
863 1545 1017 1598 enarrando
1025 1549 1152 1615 stquueus
1159 1547 1204 1614 fit.
1249 1543 1312 1601 Esse
1332 1544 1410 1600 hunc
1426 1541 1505 1600 inter

508 1651 578 1701 coe,
602 1628 654 1706 qui
675 1624 857 1696 interierint,
879 1625 963 1684 sacilc
979 1625 1167 1706 intelligitur,
1192 1629 1429 1707 quandoquidem
1450 1643 1505 1684 nec

508 1718 690 1796 eyclicorum
712 1725 865 1789 poetarum
889 1707 1013 1788 aliquis,
1048 1733 1101 1772 nec
1125 1732 1226 1774 eorum
1251 1715 1423 1792 quisquam,
1455 1711 1508 1789 qui

507 1800 638 1884 proximi
652 1813 744 1859 aetate
758 1796 860 1870 suere,
883 1799 1060 1876 omninoque
1075 1801 1126 1878 qui
1140 1813 1206 1860 ante
1218 1803 1373 1881 Virgilium
1389 1801 1506 1870 vixere,

508 1894 547 1952 ad
563 1889 656 1948 nostra
670 1899 802 1962 tempora
817 1885 960 1962 peruenit.
1005 1887 1111 1946 Sedula
1124 1897 1220 1946 tamen
1238 1892 1392 1948 multarum
1408 1906 1507 1946 rerum

510 1990 665 2037 eteorum
688 1971 841 2048 inprimis,
864 1971 935 2049 qui,
965 1968 1085 2031 seriores
1111 1975 1249 2050 quidem,
1270 1989 1385 2036 veteres
1410 1987 1509 2034 tamen

511 2059 741 2137 exscripserunt,
768 2071 798 2117 et
821 2059 954 2118 Tabulae
976 2059 1076 2118 iliacae
1100 2078 1117 2120 a
1139 2063 1277 2123 Fabretto
1300 2065 1454 2141 vulgatae,
1476 2060 1509 2116 in

511 2163 571 2228 qua
587 2147 717 2208 audiorer
743 2143 875 2221 rescripti
891 2143 973 2215 sunt,
997 2165 1054 2206 vna
1071 2165 1139 2206 curn
1153 2149 1299 2228 Polignoti
1315 2151 1413 2208 tabula
1430 2147 1511 2222 apud

510 2233 691 2303 Pausaniam,
714 2233 941 2308 comparatione,
965 2253 1042 2291 nunc
1056 2247 1154 2293 autem
1170 2239 1259 2296 multo
1277 2237 1366 2314 magis
1383 2253 1421 2293 ex
1435 2235 1510 2292 Pro·

513 2323 553 2384 cli
573 2323 735 2402 fragmento
751 2319 821 2378 bibl.
837 2321 876 2378 D.
892 2318 984 2378 Marci
1008 2319 1169 2380 conicdhre
1183 2321 1270 2393 licet,
1295 2329 1441 2394 Virgilium
1458 2345 1510 2396 po-

513 2417 633 2486 eiffimem
647 2411 752 2467 Araiai
764 2403 846 2465 Ἰλίου
862 2402 991 2486 respnde,
1014 2421 1042 2465 et
1055 2429 1112 2464 cnm
1132 2413 1181 2464 buc
1197 2415 1298 2482 Lesclei
1313 2413 1425 2468 Iliadem
1437 2429 1511 2482 par·

514 2519 577 2557 vam
592 2500 748 2570 exprome,
770 2493 860 2552 multa
877 2507 991 2564 tamen,
1015 2504 1048 2552 vt
1064 2493 1138 2552 insra
1153 2493 1183 2553 in
1200 2493 1315 2574 singulis
1332 2493 1512 2564 videbimus,

515 2580 614 2662 ¹passim
628 2604 661 2640 ex
676 2586 785 2639 Graecis
800 2587 964 2654 tragoediis,
985 2579 1117 2656 inprimis
1135 2588 1289 2656 Euripidis,
1313 2581 1407 2640 hausta
1422 2580 1512 2638 inter·

514 2667 657 2740 texuisse,
680 2669 762 2745 quod
784 2680 828 2726 tot
850 2669 914 2726 loca
938 2683 976 2725 ex
993 2666 1112 2727 Hecuba
1137 2681 1166 2728 et
1186 2667 1357 2729 Troadibus
1382 2665 1515 2728 traducta

516 2760 642 2824 docent3
666 2768 700 2816 vt
721 2754 840 2813 omnino
853 2752 1027 2828 Euripidem
1048 2754 1205 2829 plurimum
1226 2756 1360 2817 videatur
1384 2753 1515 2831 probasse

514 2844 668 2923 Virgilius.
713 2842 805 2927 Quod
821 2854 917 2899 autem
933 2855 1034 2915 poetae
1051 2842 1178 2900 animum
1200 2843 1331 2919 inprimis
1347 2844 1386 2901 ad
1401 2854 1514 2919 tragoe-

517 2930 580 2991 diae
604 2926 789 3004 frustumque
804 2926 872 2985 inde
897 2928 934 2987 ad
952 2930 1114 2987 ornandum
1130 2930 1245 3007 epicum
1268 2948 1385 2989 carmen
1399 2926 1515 2989 uberri-

518 3035 601 3077 mum
623 3016 783 3091 petendum
804 3014 900 3089 potuit
923 3028 1093 3073 conuertere
1117 3032 1146 3074 et
1167 3019 1333 3087 adducere,
1357 3016 1412 3073 hoc
1437 3014 1519 3073 luisse

517 3101 662 3172 arbitror,
686 3104 766 3179 quod
782 3118 884 3179 magna
899 3098 1062 3159 fabularum
1079 3102 1256 3163 Graecarum
1271 3122 1337 3181 pars
1352 3105 1390 3161 ab
1405 3100 1520 3171 Ennio,

518 3188 631 3258 Accio,
673 3187 762 3246 Liuio
784 3186 977 3257 Andronico,
1015 3188 1147 3259 Naeuio,
1184 3190 1332 3259 Pacuuio,
1371 3190 1521 3253 Varrone,

517 3272 614 3337 sorsan
631 3285 661 3333 et
675 3274 758 3345 aliis,
783 3272 868 3332 latine
884 3285 948 3332 erat
962 3273 1109 3334 conuersa.
1151 3276 1299 3335 Proicere
1317 3296 1354 3335 ca
1372 3276 1416 3335 his
1433 3294 1524 3351 poem

519 3382 581 3423 uon
594 3380 698 3439 parum
714 3360 815 3420 debuit
831 3380 891 3419 non
908 3362 995 3419 modo
1012 3362 1049 3419 ad
1066 3360 1237 3423 narrationis
1254 3360 1441 3428 varietatem,
1465 3378 1524 3419 ve·

519 3462 587 3512 eum
603 3450 694 3507 multo
711 3444 801 3527 magis
819 3448 856 3505 ad
872 3448 1008 3507 orationis
1025 3450 1172 3523 poeticae,
1194 3449 1242 3509 cui
1260 3451 1458 3508 elaborandae
1473 3448 1525 3505 iu·

520 3534 622 3615 primis
646 3533 794 3603 siudcbat,
818 3531 986 3612 dignitatem
1011 3548 1040 3593 et
1055 3547 1198 3595 ornatum.
1242 3536 1301 3595 Etsi
1326 3536 1404 3596 enim
1421 3536 1525 3593 diuer-

519 3622 620 3685 sitbma
634 3620 668 3679 sit
683 3621 807 3701 tragicae
823 3620 980 3695 epicaeque
997 3621 1134 3681 orationis
1150 3620 1275 3693 indoles,
1299 3634 1394 3681 tamen
1413 3621 1527 3700 tragica

520 3704 677 3770 ssla'orario
700 3705 875 3787 Virgilianae
892 3705 1013 3766 dictioni
1035 3709 1203 3787 grauitatem
1221 3708 1319 3779 illam,
1344 3726 1434 3787 quam
1459 3722 1527 3767 tan·

520 3806 624 3872 topere
640 3794 798 3864 miramur,
821 3806 850 3852 et
867 3793 1059 3865 maiestatem,
1081 3794 1228 3855 interdum
1244 3792 1378 3863 laniem
1394 3796 1529 3872 aliquam

521 3882 718 3951 rhetoricam,
758 3880 996 3957 eloquentiaeque
1022 3886 1110 3941 modo
1135 3882 1247 3959 copiam
1274 3886 1362 3942 modo
1385 3902 1528 3951 acumen,

522 3968 696 4044 comparasse
721 3964 848 4029 videtur.
896 3966 994 4053 Quam
1017 3970 1147 4043 procliue
1170 3984 1265 4029 autem
1283 3967 1405 4047 Virgilio
1422 3969 1528 4039 suerit,
1578 4006 1579 4049 t

521 4056 552 4116 in
568 4056 643 4114 bello
660 4068 690 4113 et
703 4049 820 4113 excidio
830 4052 978 4125 Troiano,
995 4056 1031 4111 de
1049 4074 1106 4131 quo
1124 4076 1200 4114 nirnc
1217 4056 1390 4132 potissimum
1407 4056 1529 4133 quaeri·
1576 4076 1577 4081 ¹

522 4154 607 4212 brus,
632 4140 780 4199 tradrando
797 4155 826 4198 et
841 4141 973 4199 ornando
990 4141 1190 4221 Tragicomm
1206 4142 1331 4203 inuentis
1348 4142 1408 4214 vti,
1433 4160 1470 4202 cx
1490 4162 1531 4202 eo

523 4228 693 4303 apparebit,
716 4226 735 4284 si
756 4227 972 4306 tragoediarum
996 4226 1081 4286 ludus
1106 4230 1268 4307 argumenti
1292 4231 1424 4305 copiam,
1447 4228 1533 4289 inrer

522 4316 669 4378 Romanoa
683 4312 791 4384 saltem,
807 4327 874 4373 ante
890 4318 990 4374 ocnlos
1007 4313 1126 4391 positam
1140 4316 1255 4377 habeas.
1299 4314 1532 4376 ltaLiuiusAn-
1577 4336 1578 4359 ³

524 4402 664 4463 dronicur
692 4406 832 4471 Mearm,
863 4406 1006 4471 Helenam,
1036 4404 1232 4474 Laodamiam,
1260 4408 1435 4476 praeeram
1459 4404 1534 4472 (nisi

1313 4538 1319 4579 t
1422 4492 1535 4551 eudem
