3567 5400
544 572 615 673 8³⁴.
818 542 1142 639 txcvnsvs
1181 556 1288 641 xtv

545 743 549 752 '
590 738 785 805 Praedieendi
801 752 899 803 autern
914 762 962 804 ree
976 740 1088 804 stibrm
1103 744 1186 804 modi
1202 764 1263 803 non
1278 746 1357 803 adeo
1378 740 1546 819 multisunt,

547 847 603 892 uec
619 826 671 889 nib
687 847 704 887 a
720 829 852 901 vatibus,
873 840 923 889 aut
942 829 1034 891 avifo
1049 829 1097 889 seu
1116 832 1306 911 vigilantibus
1324 829 1375 891 seu
1392 830 1546 891 somnianti·

545 918 621 986 bue,
644 918 765 975 modun
786 916 978 977 daemonibus
1000 916 1048 977 seu
1065 919 1178 996 geniis,
1201 920 1291 977 modo
1314 917 1440 997 magicis
1461 920 1547 977 bumi-

512 1003 515 1010 ’
545 1009 620 1064 'trum
636 1002 766 1073 artibus,
792 1000 929 1074 obiefio,
953 1014 1004 1063 aut
1021 1006 1058 1062 ab
1074 1000 1133 1081 ipsa
1147 1006 1246 1063 diuina
1266 1018 1389 1073 nutrire,
1413 1005 1548 1081 proficisci

545 1090 626 1167 'posse
639 1090 758 1148 videtur
770 1091 828 1149 vlla
839 1089 1009 1166 praedistio.
1040 1090 1160 1169 Nullum
1175 1110 1214 1150 ex
1229 1092 1274 1151 his
1292 1110 1387 1169 genus
1405 1091 1456 1162 en,
1474 1096 1546 1167 quod

546 1175 687 1236 intuitum
698 1195 716 1234 a
729 1176 824 1252 poetis
835 1176 969 1236 reiishrm
984 1174 1025 1235 snt.
1056 1178 1196 1237 Omnium
1212 1178 1326 1252 primus
1338 1184 1470 1236 ΗΜ]
1482 1200 1545 1237 ruo·

545 1262 650 1325 randis
672 1260 803 1321 'lirefiae
825 1263 959 1322 Manibus
980 1264 1085 1340 VIYffir
1109 1265 1237 1323 reditum
1258 1277 1288 1323 et
1306 1262 1365 1323 fata
1382 1266 1547 1323 declar-uuit.

546 1348 653 1411 Phinei
672 1349 813 1409 vaticinio
835 1367 937 1409 remur
962 1347 1119 1409 successum
1139 1356 1384 1425 Atgmaneicm
1402 1358 1549 1426 scrupeum

545 1449 702 1513 exponunt
714 1454 828 1496 omnes.
873 1436 972 1521 Quam
991 1426 1099 1515 insigne
1112 1432 1236 1496 alcioris
1251 1436 1409 1495 inuentum
1426 1438 1480 1507 sit,
1503 1454 1546 1495 re·

545 1521 634 1599 censu
654 1523 816 1583 animamur
835 1521 867 1581 in
886 1538 1013 1599 corpora
1032 1523 1254 1582 traueinirarum
1276 1521 1446 1595 subsitum,
1481 1544 1549 1584 mon

545 1608 724 1671 videbimus.
768 1609 953 1669 Homericam
967 1610 1097 1675 Manium
1111 1610 1313 1669 edocationem
1337 1610 1468 1669 retinere
1491 1632 1548 1669 ma·

545 1695 602 1755 tuit
614 1702 697 1756 uuus
710 1696 785 1767 xm,
804 1694 971 1772 qoo'sqq.,
989 1696 1040 1772 qui
1058 1708 1154 1755 tumen
1173 1695 1251 1755 idern
1264 1698 1366 1755 Iouem
1375 1694 1491 1757 Veneri
1506 1698 1548 1757 su-

546 1788 644 1841 turam
663 1783 863 1842 Romanorum
881 1780 1030 1841 fortunam
1053 1782 1291 1859 interpretantem
1305 1782 1423 1843 inducit
1438 1786 1549 1853 libili,

545 1884 611 1945 570
628 1867 689 1947 sqq.
709 1869 838 1947 (Virgilii
856 1869 918 1929 sere
935 1869 1070 1945 exemplo
1082 1872 1157 1929 Aen.
1173 1871 1196 1939 1,
1215 1888 1276 1948 ¹5¹!
1291 1867 1380 1947 sqq).
1414 1872 1549 1929 Manibus

544 1955 679 2016 Tiresiae
693 1956 820 2015 euocatis
832 1956 926 2018 vtitur
940 1962 1045 2017 Statius
1060 1955 1092 2016 in
1112 1956 1211 2020 Theb.
1225 1958 1276 2027 IV,
1300 1960 1371 2029 406
1385 1954 1452 2034 sqq.
1498 1965 1549 2016 Lo-

543 2064 628 2101 eam
642 2040 724 2123 sagae
741 2042 893 2101 Thessalae
909 2042 1072 2113 veneficio,
1096 2040 1126 2101 in
1143 2044 1274 2103 membra
1292 2058 1437 2103 reuocato
1452 2042 1550 2119 spiriru

544 2132 674 2191 cadauer
689 2130 798 2188 animat
817 2140 849 2189 et
865 2147 980 2210 pugnae
1001 2126 1180 2189 Pnnbteae
1203 2140 1342 2189 euentum
1363 2128 1573 2206 praenuntiati

543 2214 598 2277 lib.
608 2217 658 2286 Vs,
675 2230 739 2293 750
753 2213 814 2293 sqq.

586 2349 670 2413 Nihil
689 2350 720 2411 in
740 2350 786 2411 his
809 2346 955 2423 occurrit,
977 2352 1057 2431 quod
1072 2368 1246 2435 magnopere
1267 2348 1395 2413 mireris.
1441 2350 1478 2412 sn
1494 2372 1551 2413 ruo

544 2440 595 2502 vel
618 2440 708 2498 altero
726 2453 831 2517 genere
852 2433 1031 2499 substiterunt
1050 2452 1164 2499 veteres
1189 2458 1301 2499 omnes.
1344 2440 1389 2500 At
1404 2440 1549 2499 recentio-

544 2545 592 2587 res
606 2539 707 2603 poetae
722 2522 815 2601 epici,
839 2542 965 2601 quorum
977 2520 1156 2585 incredibilis
1178 2526 1217 2586 est
1237 2516 1401 2597 numems',
1423 2529 1551 2588 variter·

541 2612 568 2673 ei
584 2621 614 2673 tt
630 2611 753 2671 nouitati
767 2608 863 2687 primo
879 2613 945 2670 loco
970 2612 1142 2671 studendum
1161 2612 1214 2671 tss‘e
1228 2608 1362 2673 arbitrati
1377 2610 1456 2673 sunt.
1501 2617 1552 2673 itt·

544 2720 602 2780 que
615 2719 717 2760 omnes
730 2695 856 2758 rationes
870 2713 903 2756 ac
920 2691 988 2758 vias'
1002 2694 1285 2776 circumspexerunt,
1309 2696 1422 2777 quibus
1438 2698 1551 2760 urtone
1571 2703 1572 2716 ¹

542 2807 590 2848 res
605 2787 716 2864 possent
730 2782 879 2864 praedici,
903 2785 997 2862 iisque
1013 2787 1195 2862 exponendis
1211 2786 1340 2846 carmina
1356 2783 1445 2848 suani
1458 2790 1550 2864 episo-

543 2871 594 2934 dio
612 2873 719 2934 ornan'.
765 2871 842 2932 Cum
864 2887 936 2930 vero
951 2869 1077 2932 rntioner
1092 2874 1155 2932 illae
1174 2893 1208 2932 nc
1226 2872 1307 2934 modi
1324 2871 1381 2932 sint
1396 2877 1492 2950 pauci
1506 2879 1550 2934 ad·

542 2961 665 3020 hrodum
689 2977 831 3027 numero.
862 2959 989 3036 nouique
1013 2963 1087 3020 adeo
1108 2957 1218 3019 inuenti
1237 2961 1300 3019 saus
1327 2975 1392 3020 non
1411 2963 1549 3021 omuibur

544 3047 612 3108 esset
626 3059 744 3124 parata,
765 3041 914 3122 plerisque
929 3043 960 3106 in
976 3047 1151 3106 ornamentis
1167 3060 1195 3106 et
1210 3041 1369 3126 pigmentis
1388 3065 1488 3122 opera
1502 3047 1552 3108 fuit

543 3131 748 3193 consumenda.
791 3133 891 3208 Itaque
907 3133 938 3191 in
951 3129 1091 3194 varietate
1113 3133 1245 3212 quamuis
1260 3149 1390 3214 magna,
1416 3133 1439 3192 sr
1455 3137 1552 3212 plnres
1570 3165 1571 3172 κ

542 3216 723 3290 iontuteris,
744 3213 874 3278 taedium
899 3231 994 3278 tamen
1014 3217 1084 3280 facit
1102 3219 1181 3279 idem
1193 3215 1304 3298 ubique
1324 3233 1491 3280 reuertens
1511 3241 1551 3279 re·
1570 3231 1571 3296 i

541 3327 610 3366 rum
627 3305 721 3378 ordo,
745 3307 846 3366 eadem
863 3303 1093 3386 phantasmatum
1115 3299 1242 3382 species,
1266 3317 1295 3365 et
1318 3305 1348 3364 in
1373 3327 1483 3367 rerum
1505 3325 1551 3382 pa·

540 3391 609 3452 rum
630 3389 827 3470 probabilium
851 3407 880 3451 et
896 3391 1083 3454 absurdarum
1102 3389 1223 3470 operoh
1241 3391 1463 3471 conquisitione
1487 3411 1552 3456 ecu-

539 3477 609 3543 tetra
626 3479 813 3560 ingeniorum
832 3473 1035 3539 infecunditas.

583 3635 629 3697 Ea
646 3634 764 3714 quidem
785 3636 931 3707 cumina,
955 3627 1061 3713 quibus
1080 3647 1120 3693 etr
1138 3631 1229 3710 prisca
1245 3653 1275 3692 re
1293 3631 1411 3710 equestri·
1428 3635 1552 3711 petitum

541 3723 582 3784 eft
601 3739 822 3803 argumentum,
845 3723 940 3800 qualia
955 3723 1092 3784 Italorum
1113 3721 1245 3804 inprimis
1260 3720 1324 3780 sunt
1345 3735 1375 3781 et
1390 3723 1550 3782 Britanno·

540 3831 627 3880 rum,
651 3825 821 3871 communes
837 3811 899 3869 sere
912 3811 989 3868 inter
1003 3807 1030 3868 se
1050 3807 1214 3866 staturarum
1231 3825 1331 3866 rerum
1353 3813 1549 3884 exponenda·

540 3916 608 3958 rum
620 3897 729 3959 habent
739 3898 884 3962 rationes;
902 3915 980 3966 nam,
994 3897 1065 3956 dum
1078 3913 1231 3974 magorum
1244 3907 1274 3954 et
1285 3898 1470 3954 daemonum
1485 3915 1549 3972 par·

539 3997 584 4046 tes
605 3982 635 4045 in
654 3985 691 4046 iis
711 4001 772 4047 tam
791 3985 964 4062 praecipuae
981 3982 1062 4052 sunt,
1083 3981 1168 4040 nene
1185 3997 1239 4057 per
1262 3997 1368 4040 eorum
1391 3981 1550 4041 utinisserir

540 4073 627 4133 etiarn
641 4074 712 4133 haee
725 4072 861 4132 carminis
875 4089 944 4146 pars
956 4068 1123 4146 expedint.
1154 4069 1267 4128 Eadem
1280 4071 1452 4148 argumenti
1464 4071 1549 4128 iudo·

538 4159 582 4220 tes
596 4181 731 4240 magnam
747 4157 984 4219 comminiscendi
992 4155 1143 4216 iicenb'anr
1159 4153 1258 4228 essert,
1282 4167 1318 4217 vt
1330 4159 1409 4214 odeo
1423 4155 1548 4216 insolen·

538 4246 578 4305 tia
593 4247 678 4306 etiarn
691 4263 721 4307 et
735 4246 857 4306 absurda
870 4263 969 4304 rerum
983 4244 1122 4302 miracnh
1135 4255 1243 4312 tamen,
1268 4245 1425 4319 quomodo
1436 4241 1548 4318 impro-

538 4333 611 4402 bet,
633 4353 693 4392 non
709 4335 835 4401 habeare
858 4351 925 4392 nam
944 4331 975 4390 in
991 4329 1042 4390 isio
1056 4347 1155 4389 rerum
1171 4349 1277 4407 genere
1294 4347 1328 4388 eu
1343 4331 1547 4406 probabilitate

536 4416 585 4480 sue
600 4440 660 4480 uon
677 4421 878 4482 destituuntur.
922 4416 1134 4494 Simplitiffim
1149 4415 1188 4476 tsi
1202 4422 1330 4496 &mort
1343 4423 1455 4493 (Faerq
1467 4425 1547 4486 Qun·

547 4515 553 4524 ’
1405 4503 1544 4572 Cenum.
