3567 5400
528 522 976 673 -PR‘AEFnTlO
1116 576 1120 585 ·
1149 557 1254 637 rtur

286 757 357 820 tem
370 733 512 819 omnis
529 729 641 820 haec
658 758 797 848 opera
820 731 867 817 in
886 756 1045 819 eorum
1068 734 1254 845 gratiam

282 848 452 968 suscepta
466 844 583 953 esset,
606 852 682 963 qui
701 845 965 964 exemplum
982 845 1165 965 aliquod
1180 848 1253 937 seu

284 970 437 1055 criticae
465 969 652 1058 rationis
682 962 756 1055 seu
785 969 1166 1083 interpretationis
1190 966 1255 1056 dt-

285 1086 470 1200 ligentius
495 1080 635 1175 fassae
659 1104 760 1171 ante
781 1080 948 1183 oculos
963 1082 1156 1211 positum
1181 1085 1256 1183 hn-

283 1207 371 1291 bere
397 1203 604 1319 cupiunt,
640 1198 884 1317 interposui
915 1230 1034 1289 nune
1068 1199 1255 1319 saepius,

283 1341 535 1437 quamnntea
549 1315 712 1405 fartum
728 1342 833 1423 erat,
857 1318 1071 1419 iudicium
1092 1347 1256 1427 meum,

284 1434 411 1525 lnltem
430 1438 589 1526 verbo.
647 1433 825 1524 Eodem
847 1432 1031 1523 eonsrlio
1055 1440 1259 1524 innume-

285 1558 332 1643 ris
360 1553 471 1643 locis
504 1582 596 1641 non
629 1552 863 1642 emendaui
895 1555 1052 1658 modo,
1096 1582 1258 1653 verum

284 1676 377 1760 auxi
403 1699 588 1789 quoqne
619 1691 665 1758 et
696 1666 969 1786 locupletaui
1000 1674 1260 1787 interprete-

285 1794 431 1878 tionem
446 1786 704 1894 subieslnm‚
729 1818 823 1876 non
840 1788 1045 1889 modom
1064 1786 1177 1877 nihil
1198 1785 1260 1875 es·

286 1906 462 2025 letquod
480 1904 717 1995 obscurum
730 1935 782 1993 ac
802 1903 980 1999 difficile
996 1906 1139 2009 videti
1156 1902 1263 2022 ‚pos-

286 2025 334 2114 let
351 2028 418 2131 iis,
448 2026 529 2142 qui
550 2018 727 2138 vulgari
739 2049 866 2109 more
882 2026 1023 2111 verba
1038 2046 1198 2140 poetae
1216 2026 1263 2109 in

286 2139 522 2231 transcursu
538 2137 704 2255 legunt,
716 2169 875 2230 verum
888 2138 1030 2227 multo
1048 2146 1190 2257 magis
1211 2162 1265 2231 vt

284 2264 483 2375 'erigerem
504 2280 550 2344 et
570 2254 879 2351 assuefacerem
903 2237 1075 2381 aniinos
1098 2261 1266 2347 ocutio-

285 2408 365 2465 rom
391 2377 447 2467 ad
476 2372 868 2465 animaduertenda
884 2370 1129 2483 innumera,
1152 2404 1267 2492 quae
1374 2394 1375 2397 ‘

285 2496 402 2585 modo
426 2496 475 2582 in
501 2490 696 2582 disiione
726 2492 861 2581 modo
892 2498 937 2580 in
971 2492 1197 2582 sententiis
1224 2514 1269 2580 et

287 2642 418 2702 rerum
459 2608 748 2730 expolitione
785 2633 862 2697 aut
895 2609 1123 2728 praeclara
1159 2610 1271 2718 sunt,

285 2709 1012 2848 autreprehensronemitdmittunt
1049 2725 1274 2824 Volebam

286 2853 457 2936 enimin
484 2846 570 2934 hac
599 2849 746 2948 omnis
763 2850 1031 2950 mnimorum
1063 2850 1275 2939 intentio-

287 2971 344 3054 nis
359 2964 613 3082 remilsrone
630 2988 675 3052 et
691 2965 778 3052 hoc
797 2962 1032 3053 seuerioris
1052 2966 1179 3063 studii
1193 2967 1274 3053 bo-

286 3113 426 3173 narum
449 3079 700 3178 litterarum
726 3080 950 3198 aeglesiu,
987 3111 1078 3200 quo
1112 3113 1275 3173 veren-

287 3203 378 3290 dum
398 3201 462 3289 est
477 3229 542 3289 ne
568 3203 682 3286 intra
703 3197 820 3288 haud
842 3196 1009 3288 multos
1034 3231 1176 3289 annos
1195 3203 1276 3288 ob·

287 3315 488 3408 solestant
512 3345 672 3406 omnes
692 3315 775 3406 hae
797 3314 1018 3408 litterulae
1039 3319 1275 3409 Romanae

287 3464 328 3522 rc
364 3433 591 3542 Graecae,
635 3457 817 3540 extaret
850 3432 1001 3524 saltem
1039 3467 1177 3525 exem
1211 3432 1277 3523 lar

287 3552 478 3670 aliquod,
509 3581 602 3668 quo
629 3552 684 3639 de
708 3549 898 3650 meliore
921 3578 966 3642 et
988 3465 1278 3660 frutluolsore

288 3697 457 3761 veteres
492 3691 652 3788 poetas
672 3665 852 3786 legendi
883 3694 929 3760 et
957 3673 1277 3790 interpretandi

287 3791 446 3877 ratione
469 3786 792 3895 constaretiis,
831 3789 995 3906 quibus
1022 3793 1141 3900 bona
1163 3789 1281 3879 insti·
1387 3837 1390 3844 ·

288 3904 530 3995 tutioheud
552 3904 812 4020 contigisset.
871 3904 973 3998 Nec
996 3911 1145 3996 minus
1175 3938 1282 3996 eon·
1342 3913 1347 3916 ’

231 4034 232 4129 ἕ
288 4021 433 4112 stanter
465 4021 718 4110 institutum
742 4023 895 4112 meum
913 4029 1077 4113 retinui
1104 4029 1149 4113 in
1173 4055 1281 4145 poe·

231 4154 232 4165 ‘
289 4161 346 4226 tae
365 4141 574 4230 desirina
592 4135 864 4250 declarandis·
896 4144 1018 4260 quod
1043 4140 1284 4234 illud‘cum

289 4255 527 4379 voluptatis
559 4280 657 4408 tum
689 4256 895 4352 Vtilitatis
928 4257 1120 4352 frustum
1151 4263 1285 4352 habe·

412 4423 419 4429 ·
495 4425 505 4440 ·
1235 4409 1283 4468 re
