3567 5400
536 556 651 616 mv·
673 532 888 631 orsQn
908 531 957 607 11
1005 485 1094 609 rie
1119 530 1262 610 nun.
1288 530 1354 609 ru
1381 531 1520 613 Arcu

534 725 728 801 Romanis
746 725 919 821 antiquis
938 744 1020 796 non
1041 721 1300 817 incise-visum
1323 720 1445 804 fuisse,
1469 722 1543 819 qui

535 828 701 905 Aeneae
721 828 802 903 fata
818 840 863 901 et
883 827 1101 902 aduentum
1124 828 1163 898 in
1184 826 1333 899 italiam
1356 848 1439 899 non
1465 849 1543 900 ex·

534 926 727 1033 posuisset
781 930 1024 1007 stederro
1040 928 1294 1018 deRRJui.
1318 928 1434 1003 Adde
1448 929 1543 1024 Ly-

533 1038 668 1136 cophr.
684 1058 760 1127 ¹250
778 1037 855 1130 sqq.
869 1036 948 1123 (vbi
961 1034 1066 1109 maie
1089 1024 1428 1136 oximensium
1446 1037 1541 1107 iun·

534 1152 644 1236 gunt,
666 1142 740 1212 iam
756 1140 847 1211 inde
860 1163 882 1213 a
896 1136 1126 1220 Scholiaiie3
1150 1138 1211 1211 sed
1227 1160 1300 1236 per
1313 1129 1541 1237 ndppmex·

479 1260 485 1273 '
532 1247 630 1343 poni
648 1254 746 1343 puta
759 1234 902 1343 χώραν,
926 1252 971 1315 et
985 1234 1156 1344 τριάκοντ’
1175 1235 1414 1343 ἐξαριθμήσας
1426 1232 1543 1335 words

518 1349 581 1421 'ad
596 1346 702 1419 suem
721 1344 927 1445 spestare).
977 1344 1088 1417 Inter
1109 1361 1265 1417 caetera
1288 1364 1421 1419 tamen
1446 1366 1540 1435 om-

532 1450 644 1523 nium
673 1452 851 1529 inaxime
880 1450 1054 1521 notabile
1085 1450 1243 1523 videtur
1273 1449 1384 1531 iilud,
1427 1448 1541 1542 quod

533 1548 679 1627 Graeci
697 1554 910 1651 scriptores
921 1550 1067 1625 dudum
1083 1565 1177 1625 ante
1192 1550 1359 1645 Augusti
1375 1568 1540 1649 tempo-

531 1666 578 1731 ra
600 1658 806 1751 originem·
822 1656 1096 1729 Romanorum
1119 1680 1141 1727 u
1164 1652 1352 1729 Troianis
1369 1654 1538 1729 Aenea-

530 1782 611 1854 que
625 1756 837 1853 duxerunt,
862 1774 905 1830 et
920 1761 1125 1857 imperinm
1142 1760 1248 1831 orbis
1263 1773 1463 1831 terrorum
1478 1780 1540 1832 ex

530 1862 757 1937 Homericis
771 1864 818 1934 de
841 1860 982 1935 Aenea
1001 1860 1177 1936 versibus
1195 1863 1243 1936 ad
1261 1882 1331 1934 eos
1351 1870 1540 1935 transtu·

528 1966 686 2051 lerunt3
700 1988 738 2044 v.
751 1964 893 2041 Conon
909 1964 1068 2041 Narrat.
1082 1970 1127 2055 4⁶
1142 1977 1184 2038 et
1199 1968 1379 2063 inprimis
1396 1965 1539 2059 Lyco-

529 2069 662 2170 phron
678 2092 714 2143 v.
730 2074 804 2141 1226
817 2069 896 2163 sqq.
948 2065 1209 2166 Apponerem
1226 2069 1326 2160 loca,
1352 2068 1422 2141 nisi
1440 2070 1537 2141 bre-

528 2173 645 2249 vitati
673 2170 889 2257 stude'rem3
930 2175 1010 2244 erit
1029 2174 1147 2243 etiam
1172 2171 1366 2244 nonnulla
1387 2195 1442 2245 ex
1466 2170 1537 2245 his

497 2342 499 2347 .
526 2276 787 2375 persequendi
806 2278 1052 2350 commodior
1065 2276 1192 2366 locus,
1217 2273 1375 2369 quando
1391 2276 1440 2348 de
1453 2275 1538 2347 sm-

527 2379 632 2473 gulis
643 2383 804 2471 'agetur
874 2376 948 2451 Est
970 2381 1077 2449 enim
1104 2380 1217 2451 nobis
1244 2375 1539 2476 hoc‘inprimis

527 2479 791 2579 propositum,
816 2492 858 2559 vt
872 2480 1048 2575 vestigia,
1073 2485 1192 2555 etiam
1208 2481 1390 2565 obscura,
1412 2494 1537 2556 vete-

527 2588 584 2658 ris
600 2585 782 2658 historiae
796 2584 1090 2683 persequamur,
1107 2584 1430 2679 quibus'institiise
1443 2587 1538 2657 vbi-

527 2709 605 2784 que
629 2703 747 2786 poeni
771 2688 891 2763 videri
916 2688 1055 2786 potest.
1105 2686 1193 2764 Nec
1215 2689 1319 2760 enim
1344 2689 1409 2761 ilie
1431 2686 1537 2761 suei-

524 2791 565 2864 le
586 2787 668 2865 sme
687 2789 848 2866 austore
869 2791 1059 2886 loquitur.
1109 2791 1238 2866 Simul
1259 2791 1539 2865 adolescentes

525 2896 758 2994 exemplum
776 2907 933 2968 mature
947 2894 1295 2994 lraberecupinms,
1307 2917 1394 2968 nam
1414 2919 1537 2993 prae·

525 3001 653 3098 ceptis
668 2997 764 3072 haec
778 3005 844 3071 res
861 3019 944 3071 non
958 2997 1073 3072 saciie
1088 2998 1263 3097 expediri
1281 2997 1421 3095 potest,
1444 3022 1535 3093 quo

524 3101 710 3197 consilio,
735 3123 811 3195 qna
826 3103 998 3182 ratione,
1022 3125 1068 3174 ac
1083 3097 1161 3196 q'uo
1180 3101 1304 3176 studio
1326 3105 1364 3172 in
1388 3122 1536 3174 narra-

522 3207 697 3279 tionibus
712 3204 899 3300 mytiricis
915 3206 1196 3299 cognoscendis
1208 3203 1443 3280 versandum
1466 3205 1536 3281 iit.

521 3305 635 3385 Nihil
651 3309 755 3380 enim
770 3308 874 3382 niind
889 3330 1008 3404 ogere
1029 3307 1150 3393 velie,
1176 3331 1292 3402 quam
1313 3309 1537 3402 cognosce·

522 3434 570 3485 re
591 3435 638 3488 ac
652 3419 850 3506 'quaerere
867 3423 911 3486 et
931 3415 969 3484 in
988 3433 1113 3486 vnum
1135 3407 1265 3484 locum
1289 3433 1536 3506 congerere,

520 3515 616 3612 quid
643 3514 708 3589 hic
729 3515 794 3590 vei
815 3515 881 3586 ilie
902 3525 946 3588 et
967 3508 1144 3589 sexcenti
1166 3515 1228 3586 alii
1258 3515 1394 3588 eodeni
1415 3516 1456 3586 in
1478 3539 1537 3589 re

519 3617 764 3696 tradiderint,
789 3618 1023 3697 censuerint,
1049 3619 1342 3710 somniauerint,
1365 3618 1538 3706 irocest,

520 3745 644 3822 opera
658 3733 701 3796 et
715 3723 795 3794 otio
816 3723 933 3796 abuti.
987 3722 1140 3796 Contra
1161 3721 1343 3797 vtiiitntis
1365 3722 1422 3794 iiii
1442 3720 1537 3798 stu-

395 3819 402 3842 '
519 3825 584 3900 dio
599 3839 641 3900 et
658 3823 873 3899 honestatis
886 3821 985 3902 inest
1001 3826 1238 3921 piurimum,
1262 3824 1291 3896 ii
1312 3823 1431 3898 modo
1452 3848 1538 3899 ve.

518 3938 630 4004 teres
642 3929 824 4002 historias
842 3929 1165 4028 populorumque
1179 3932 1376 4024 origines,
1402 3931 1535 4004 modo

517 4032 738 4130 priscorum
757 4032 961 4106 hominum
983 4055 1120 4106 mores
1140 4057 1185 4104 ac
1203 4035 1324 4106 vitam
1351 4032 1416 4104 vel
1440 4032 1536 4104 ser.

517 4157 678 4212 monem
695 4135 761 4208 vel
778 4136 1005 4230 religiones,
1019 4137 1140 4209 modo
1156 4150 1365 4232 poetarum
1380 4139 1537 4209 inuen-

516 4255 577 4330 ta,
608 4241 812 4332 notiones,
843 4239 1074 4324 sententias,
1118 4241 1208 4314 inde
1230 4239 1416 4320 illustres,
1456 4243 1538 4314 ad.

514 4343 714 4439 discesque
729 4365 829 4440 quae
845 4341 918 4430 illi,
944 4367 1048 4439 quos
1069 4344 1185 4416 nobis
1204 4343 1368 4419 fortuna
1388 4344 1538 4418 serua-

1450 4454 1540 4538 vit.
