3567 5400
533 562 617 630 rx.
809 489 1265 639 urstrsrrror

530 751 636 833 graus
652 736 684 803 et
704 730 863 807 rationem
889 728 936 804 ad
964 730 1264 809 admirationem
1292 728 1542 813 efficiendam

534 836 602 913 vel
618 834 803 919 tuendam
825 837 1002 919 idoneam
1019 839 1179 932 requiri.
1230 836 1319 931 Qua
1331 840 1379 912 de
1394 861 1439 913 re
1452 842 1540 939 plu·

536 961 582 1018 ra
604 960 769 1011 mouere
791 939 886 1011 nihii
908 940 1063 1011 attinet„
1121 929 1221 1035 Quis
1242 945 1348 1017 enim
1370 964 1452 1030 non
1477 947 1541 1017 vi·

535 1044 622 1133 det,
660 1044 852 1121 orationis
872 1060 999 1135 gertus
1025 1040 1102 1117 effe
1124 1044 1270 1119 debere
1293 1068 1368 1121 nec
1387 1047 1540 1121 humile

535 1158 613 1227 trec
635 1146 776 1239 molle,
801 1144 863 1230 sed
883 1142 1010 1237 sorte,
1031 1168 1146 1231 acre,
1170 1148 1442 1243 magnificum,
1468 1155 1540 1225 or'·

419 1330 422 1337 ,
536 1261 691 1337 rutum,
712 1249 781 1327 etss
804 1272 878 1346 pro
899 1253 1125 1343 argumenti
1147 1250 1303 1329 diuersa
1318 1269 1461 1329 natura
1478 1256 1541 1327 di-

535 1354 650 1435 verl'e
670 1362 1000 1451 attemperatum,
1034 1364 1077 1427 et
1098 1354 1311 1450 quaesunt
1332 1358 1416 1433 alia.
1468 1357 1540 1431 Ao

537 1458 673 1533 eadem
701 1458 774 1535 hae
798 1456 926 1529 caullir
947 1454 1210 1553 proficiscitur
1231 1459 1296 1535 illa
1317 1460 1540 1555 neceffitas3

534 1573 582 1638 vt
596 1562 739 1637 carmine
757 1558 989 1635 instituenda
1003 1558 1052 1634 fit
1066 1564 1264 1647 narratior
1287 1566 1540 1659 quandoqui-

466 1744 470 1759 ἱ
535 1665 624 1743 dem
651 1664 686 1737 id
714 1684 840 1757 genua
868 1666 1061 1757 orationis
1080 1664 1138 1739 est
1163 1664 1541 1764 praestantill'mmm

530 1761 731 1869 (perseriano
743 1764 865 1841 nostri
878 1769 1077 1861 homiues,
1102 1765 1179 1841 hoc
1195 1768 1251 1848 est
1263 1768 1340 1847 suis
1353 1774 1540 1847 numeris

533 1872 775 1965 absolutum,
801 1872 979 1964 dicunt),
1012 1872 1197 1967 idemque
1218 1872 1539 1971 potentiliimnrn

533 1975 582 2049 ad
610 1974 807 2061 tenendos
837 1994 878 2049 et
906 1970 1164 2051 deledtandoa-
1188 1980 1342 2053 animoa
1367 1978 1538 2053 audien-

530 2081 652 2175 tium,
693 2078 739 2151 ad
761 2076 895 2159 seusus
918 2099 1084 2173 magnos
1105 2074 1345 2177 affectusque
1362 2104 1539 2157 mouen-

531 2182 622 2264 dus,
660 2204 873 2277 rerumque
900 2184 1139 2257 mirabilium·
1151 2184 1419 2281 phantasmata
1437 2209 1538 2262 cum

532 2284 723 2364 elicienda
741 2298 783 2361 et
803 2284 1109 2363 conmutatum
1123 2290 1384 2387 exprimenda
1397 2290 1537 2367 viuide

527 2402 572 2467 et
593 2389 811 2482 annuenda.
1023 2398 1027 2405 “

607 2562 677 2641 IV.
703 2558 743 2635 A
765 2560 862 2635 binis
881 2558 985 2635 inice
1002 2568 1209 2661 tamquam·
1222 2564 1447 2667 principiis,
1483 2577 1537 2640 vt

530 2659 572 2750 et
600 2690 667 2744 res
694 2676 877 2740 narratae
902 2664 1197 2741 admirationem
1217 2664 1362 2743 faciant
1381 2681 1425 2744 et
1449 2671 1534 2768 ipiir

528 2774 707 2848 narratio
730 2773 903 2843 animum
925 2767 1192 2844 admirationis
1209 2771 1413 2870 voluptate
1429 2773 1533 2848 deli-

527 2881 654 2955 nitum
676 2887 827 2966 teneat,
846 2871 1073 2970 repetenda
1086 2871 1180 2949 sunt
1200 2877 1352 2959 omnia,
1383 2877 1532 2973 quibus

526 2981 713 3058 carminis
728 2981 827 3076 epici
843 2986 1146 3072 argumentum,
1168 2978 1360 3077 personae
1373 2983 1535 3080 epicae,

524 3081 638 3178 faita,
662 3085 833 3158 virtutes
848 3107 892 3153 ae
907 3073 1166 3174 diffideres,
1189 3081 1418 3172 sententiae,
1438 3108 1531 3158 ora·

524 3192 584 3264 tio
599 3212 644 3262 ac
658 3183 836 3260 dictionis
850 3203 976 3282 genus
990 3181 1304 3268 constituuntur;
1329 3189 1451 3262 verbo
1463 3189 1531 3262 od-

524 3293 695 3378 miratioar
714 3281 855 3390 quatha
879 3280 1041 3362 alatiano
1060 3287 1250 3367 moderatur
1269 3291 1303 3364 ia
1328 3290 1389 3368 loc
1404 3315 1531 3392 genera

522 3419 640 3471 amaru.

596 3527 735 3605 Potest
745 3535 877 3600 autem
893 3525 1071 3603 accidere
1084 3527 1283 3604 mentibus
1296 3527 1440 3604 nostris
1452 3531 1529 3603 ad·

522 3633 678 3710 miratio
703 3653 837 3708 rerum
857 3630 924 3703 vel
946 3629 1152 3706 hominum
1173 3630 1289 3704 modo
1310 3657 1399 3708 cum
1418 3638 1529 3706 mol-

518 3737 620 3812 liore
643 3737 760 3810 modo
777 3757 867 3808 cum
889 3735 1076 3828 grauiore
1096 3736 1318 3810 anirnorurn
1333 3735 1532 3832 impull‘ua·

519 3845 711 3916 miramur
731 3842 836 3913 enim
859 3839 933 3909 alia
956 3841 1138 3912 attonitis
1155 3839 1317 3925 limiles,
1343 3842 1418 3914 alia
1435 3854 1526 3914 ter-

516 3965 610 4020 rore
627 3941 811 4044 porculli,
837 3944 908 4015 alia
927 3965 1017 4015 curn
1033 3944 1111 4027 ira,
1135 3943 1244 4037 odio,
1269 3943 1344 4018 alia
1362 3943 1526 4018 misera-

514 4054 626 4123 tione
645 4049 855 4130 commum
896 4044 1096 4120 interdum
1120 4067 1265 4139 magno
1284 4069 1375 4122 curn
1396 4051 1524 4122 animi

514 4153 619 4228 aestu
639 4156 791 4225 miratio
812 4151 867 4224 est
883 4147 1111 4231 coniundta,
1135 4149 1334 4225 interdum
1352 4169 1445 4226 cum
1458 4151 1524 4224 ie·

512 4261 685 4334 adoreae
699 4251 917 4328 remilliore
929 4255 1093 4353 impetu,
1114 4272 1261 4328 etcum
1275 4254 1458 4330 molliore
1473 4271 1523 4330 et

510 4355 692 4437 luauiore
707 4353 1014 4433 aninrizailirdtuc
1044 4357 1444 4462 Quoipl'o‘lequitun
1470 4375 1523 4434 vt

532 4498 536 4510 ¹
1375 4485 1523 4558 magna
