3567 5400
450 647 454 653 ,
508 565 580 642 nc
642 623 645 628 .
808 535 1229 629 nxcvnsum

509 723 638 815 probare
653 728 716 794 'uix
737 729 834 810 podis.
890 731 1001 790 Pirum
1022 723 1190 806 sapientem·
1202 743 1365 812 ptt'dldqne
1389 721 1525 817 gntunn'

511 830 631 900 poetam
650 819 751 890 dicas,
783 815 878 895 quiin
894 817 990 876 littore
1007 817 1255 890 ltaliae‘obiesto',
1287 825 1367 897 quod
1383 826 1518 900 quotidie

510 920 557 968 tot
579 906 703 968 Romani
721 904 960 982 frequentarent,
992 907 1131 980 quodque
1154 909 1228 965 adeo
1247 908 1522 988 'notissimumeffet

512 1001 595 1066 (nam
618 994 701 1052 aliter
712 1012 771 1051 res
780 990 807 1051 se
824 991 944 1049 haberet
959 989 990 1050 in
1011 990 1111 1070 ignota
1126 991 1280 1072 regione),
1294 1047 1298 1058 .
1311 997 1401 1056 vellet
1414 998 1518 1059 locum

510 1083 641 1161 lingere,
667 1080 718 1156 qul
733 1077 863 1158 nuspiam
878 1075 963 1148 esset,
989 1089 1019 1136 et
1033 1089 1145 1138 tannim
1162 1081 1219 1139 hoc
1234 1099 1340 1160 agere,
1366 1095 1399 1142 vt
1412 1085 1521 1146 torum

512 1187 551 1228 ex
566 1163 695 1227 Homero
711 1165 798 1224 latine
820 1174 1015 1224 conuerteret.
1062 1165 1155 1224 Simili
1176 1166 1287 1228 renone
1306 1169 1518 1246 Nympharum

511 1265 627 1314 rutrum
644 1255 721 1328 apud
736 1255 898 1312 Homenrm
913 1250 1028 1326 poetica
1043 1251 1158 1312 licentia
1173 1253 1298 1312 ennam
1312 1255 1395 1316 multi
1406 1245 1514 1320 v'olue.

508 1357 553 1402 rt.
598 1341 638 1401 At
654 1341 794 1399 habemus
809 1336 989 1397 Artemidori
1003 1337 1119 1414 Ephesii
1135 1341 1223 1398 fidem
1240 1360 1286 1416 ap.
1303 1342 1515 1419 Porphyr.·de

507 1427 548 1490 A.
563 1427 601 1487 N.
619 1445 683 1502 cap.
702 1445 737 1499 4,
754 1445 812 1503 qun
826 1424 935 1482 constat
946 1443 1050 1484 verum
1067 1425 1152 1484 huius
1171 1425 1370 1501 descriptionis
1384 1429 1515 1490 fundunt

506 1513 599 1576 mine.
646 1513 738 1597 Quod
761 1509 915 1586 descriptio
930 1531 1020 1586 porro
1037 1513 1096 1570 loci
1112 1531 1178 1570 cum
1193 1512 1245 1572 sttu
1264 1527 1367 1589 portus
1385 1515 1515 1576 Carrhae

509 1599 584 1680 ginis
601 1615 695 1657 nouae
711 1611 741 1657 ec
756 1599 919 1674 Neapoleos
935 1598 1091 1669 conuenit,
1119 1598 1151 1657 id
1167 1597 1274 1659 mirum
1290 1621 1349 1660 non
1366 1602 1415 1672 cll,
1439 1621 1511 1663 cum

507 1689 668 1746 multorum
688 1695 826 1760 portuum
839 1684 920 1742 idern
934 1672 1000 1743 situs
1018 1683 1068 1754 sit,
1099 1684 1188 1761 idque
1204 1704 1258 1761 pro
1276 1687 1511 1762 praestantillimo

506 1772 592 1834 sacile
605 1783 707 1848 portus
725 1789 830 1850 genere
845 1771 997 1854 habeatur,
1021 1775 1101 1846 quod
1116 1763 1232 1831 obie's’ru
1243 1771 1351 1833 insulae
1367 1774 1508 1838 efficiturc

506 1858 674 1918 cuiusmodi
696 1858 815 1934 plurimi
838 1855 995 1915 memorari
1017 1857 1131 1932 possunt
1152 1870 1264 1934 portus.
1335 1859 1420 1920 Talis
1446 1870 1512 1922 erat

504 1944 671 2014 Brundisii,
710 1948 748 2002 de
772 1963 831 2020 quo
846 1965 879 2004 v.
896 1945 1011 2002 Lucan.
1026 1945 1068 2014 ll,
1095 1950 1278 2014 ὄις-σπι,
1308 1945 1510 2010 Alexandriae

505 2029 589 2092 Caes
606 2033 641 2090 B.
661 2030 728 2090 Ciu.
745 2032 798 2101 111,
814 2049 870 2091 rto.
914 2031 1029 2088 Maneat
1043 2031 1160 2106 itaque,
1191 2031 1240 2090 etsi
1261 2051 1338 2091 nnnc
1354 2033 1509 2113 ignoratur

502 2119 609 2178 littoris
626 2118 711 2176 huius
727 2117 836 2193 Libyci
850 2136 922 2176 vera
937 2116 1030 2186 ratio,
1054 2130 1104 2176 ant
1120 2117 1269 2177 immutata
1286 2119 1324 2179 eli
1336 2119 1398 2183 eius
1414 2120 1507 2181 facies

432 2245 435 2249 J
503 2204 686 2264 nstumlibua
707 2207 744 2262 de
760 2204 880 2272 caussis,
911 2203 1065 2282 Virgilium
1085 2215 1181 2262 tamen
1198 2204 1260 2264 veri
1275 2205 1333 2264 loci
1353 2205 1436 2266 situm
1451 2211 1507 2267 nd-

502 2291 666 2360 unbnffe,
695 2309 870 2366 quamquam
886 2289 992 2348 additis
1008 2288 1083 2350 sorte
1099 2291 1265 2361 nonnullis,
1289 2309 1366 2368 quae.
1379 2295 1417 2352 ad
1432 2309 1505 2370 poe'·

502 2379 592 2438 ticam
605 2377 808 2436 amoenitatem
822 2386 851 2436 et
862 2387 995 2435 ornatum
1010 2373 1153 2443 intercute
1172 2380 1263 2453 quod,
1276 2391 1311 2440 vt
1322 2393 1420 2454 poeta,
1436 2393 1504 2440 ret·

500 2471 533 2524 te
548 2465 643 2525 facere
656 2464 761 2540 pontit.
805 2462 902 2540 Atque
916 2464 987 2522 haec
1002 2481 1038 2522 ne
1053 2461 1167 2540 Virgilii
1186 2463 1277 2544 magis
1297 2465 1390 2524 sludio
1414 2485 1505 2542 quarn

501 2551 601 2629 aliqua
615 2549 681 2611 ven‘
694 2550 788 2626 specie
803 2550 937 2610 arbitrari
952 2548 1117 2618 videamur,
1144 2553 1287 2618 molum.
1310 2550 1505 2612 dostiffimurn

500 2639 620 2708 sinim,
643 2638 790 2697 auilorem
805 2639 924 2696 laudare
942 2635 1106 2713 polluntur,
1131 2637 1180 2713 qui
1196 2635 1313 2696 similem
1327 2636 1359 2696 iu
1376 2635 1502 2698 Cartha>

500 2724 623 2805 ginienfi
637 2725 733 2785 littore
748 2728 846 2783 lorum
864 2722 1083 2800 deprehendisse
1098 2722 1148 2781 libi
1166 2722 1243 2783 visus
1259 2724 1307 2784 est.
1350 2726 1383 2784 In
1400 2726 1501 2786 Tuni-

498 2824 570 2873 tnno
585 2812 666 2883 stou,
688 2814 720 2871 in
737 2832 795 2887 quo
812 2813 917 2869 eodem
933 2809 1080 2889 Carthago
1095 2809 1165 2867 olim
1180 2810 1234 2869 fuit
1247 2810 1316 2879 sita,
1338 2810 1415 2871 inter
1429 2832 1501 2889 pro·

498 2899 646 2959 montoria
661 2898 805 2975 Apollinis
821 2908 850 2957 et
864 2896 1018 2966 Mercurii,
1042 2916 1168 2971 quorum
1186 2898 1240 2955 hoc
1258 2896 1397 2973 quidem,
1421 2915 1502 2959 nune

498 2990 558 3061 Capi
580 2992 655 3052 Bon,
678 2989 714 3044 ab
740 2985 881 3053 Oriente,
898 2984 997 3051 illud,
1021 3000 1100 3041 nunc
1124 2988 1180 3057 Cap
1203 2988 1296 3044 meoet
1326 2984 1378 3045 vel
1398 2990 1500 3055 Zrbr'br‘,

496 3074 536 3131 ab
562 3070 743 3140 Occidente,
773 3070 865 3129 finum
888 3068 1015 3139 claudit,
1047 3068 1078 3127 in
1102 3070 1157 3129 hoo
1180 3070 1277 3145 itaque
1301 3066 1381 3141 suu,
1414 3070 1500 3132 cuius

496 3180 532 3221 or
555 3158 633 3219 inter
648 3160 708 3217 duo
723 3158 924 3234 promontoria
945 3156 1084 3217 undecim
1099 3148 1197 3215 leucas
1217 3168 1314 3233 patet,
1344 3156 1428 3233 supra
1443 3165 1500 3219 Mr't

463 3287 467 3295 .
488 3252 587 3320 suane,
608 3244 708 3306 versus
724 3244 958 3321 promontorium
980 3238 1138 3311 Mercurii,
1168 3241 1216 3301 seu
1230 3246 1407 3303 Hermaeum
1422 3240 1500 3319 (σφ’

493 3336 572 3401 Bon)
595 3330 707 3390 circum
731 3350 765 3390 en
787 3332 870 3401 loca,
901 3330 932 3389 in
955 3330 1059 3405 quibus
1083 3335 1243 3403 Aequilarr'o
1267 3330 1336 3392 olim
1358 3328 1415 3389 fuit
1433 3329 1498 3403 ma.

493 3426 588 3488 (nunc
620 3418 704 3478 vicus
729 3422 903 3485 botaream
941 3416 992 3492 qui
1014 3436 1102 3475 vnam
1118 3426 1229 3475 tantiam
1249 3418 1364 3478 leucam
1388 3436 1405 3475 a
1427 3436 1499 3492 pro-

492 3506 641 3570 montorio
663 3506 714 3564 illo
738 3504 826 3576 abest)
860 3523 876 3561 a
899 3503 993 3561 littore
1016 3502 1085 3561 inde
1106 3522 1202 3579 vsque
1227 3503 1387 3564 advirum
1415 3504 1499 3563 hunc

491 3608 578 3652 mons
600 3592 752 3669 procedit,
777 3591 829 3668 qui
847 3602 927 3649 totus
949 3589 1059 3648 effossus
1076 3601 1105 3649 et
1124 3602 1302 3659 excoriatus,
1327 3589 1433 3650 amari
1448 3590 1497 3649 in·

490 3681 531 3739 de
552 3681 706 3739 advirum
726 3678 781 3738 iter
801 3677 1018 3737 subterraneum
1044 3679 1172 3752 praebet.
1230 3678 1314 3737 Patet
1334 3676 1411 3735 onim
1432 3675 1496 3747 uia,

491 3769 531 3825 nd
556 3766 683 3825 cuniculi
698 3764 843 3842 speciem,
873 3762 964 3825 tsolo
981 3766 1018 3822 ad
1041 3762 1182 3823 verticem
1199 3766 1237 3823 ad
1255 3762 1360 3841 viginti
1375 3765 1423 3824 vel
1440 3762 1494 3821 tri·

490 3853 572 3933 ginta
587 3856 698 3929 pedes,
731 3850 837 3911 relitlis
854 3870 908 3926 per
922 3850 1072 3909 interualla
1088 3852 1124 3909 ad
1141 3850 1246 3911 montis
1263 3850 1371 3909 molem
1386 3849 1492 3909 susten·

488 3944 609 3998 tandam
623 3940 766 3999 columnis
780 3952 810 3998 et
822 3936 1008 4003 arcubus:seu
1020 3934 1198 4004 fornicibus;
1212 3936 1389 4013 spiramentis
1404 3937 1492 3995 etiam

487 4028 588 4103 paffim
613 4046 663 4085 aer
678 4038 708 4085 et
722 4020 838 4085 coelum
853 4022 977 4099 desuper
999 4023 1169 4083 admittitur.
1205 4023 1305 4081 'Fuisse
1322 4025 1372 4083 lias
1388 4024 1490 4099 lapici-

468 4114 573 4172 -dinns
599 4114 734 4172 Straboni
749 4114 837 4181 XVII,
853 4132 883 4187 p.
901 4130 970 4184 1191,
989 4110 1026 4169 A.
1052 4124 1310 4179 commemoratas,
1335 4108 1493 4189 suspicatur

487 4200 568 4259 idem
583 4206 717 4263 Slaoiurr
745 4199 843 4267 reste,
867 4216 921 4256 nec
938 4216 993 4265 ne,
1018 4218 1095 4255 nunc
1112 4218 1171 4259 non
1189 4196 1386 4272 disputamus3
1407 4199 1490 4257 vnde

486 4286 656 4371 Carthago,
678 4285 775 4355 Vtica,
801 4298 832 4343 et
847 4284 918 4343 aliae
933 4283 1047 4343 vicinae
1061 4288 1148 4345 urbes
1174 4285 1322 4345 materiam
1344 4294 1488 4361 peterent.

485 4370 571 4470 idons
585 4370 646 4451 ipse
659 4372 730 4437 silua
745 4373 863 4435 oblitui.
909 4371 994 4433 Antri
1009 4370 1077 4431 ostia
1092 4370 1191 4435 versun
1208 4386 1287 4431 mare
1302 4382 1413 4449 patent,
1435 4370 1488 4429 iis·

485 4485 491 4491 Δ
562 4487 566 4493 ,
1431 4476 1491 4538 ψ
