3567 5400
254 1210 580 1451 Nondumme
594 1248 796 1366 poenitet
810 1242 991 1369 conlilii‘,
1014 1272 1090 1339 aut
1106 1248 1223 1341 insti-

352 1374 433 1456 tuti
452 1393 501 1455 et
516 1370 676 1473 motis,
703 1394 837 1483 quem
857 1370 908 1453 in
930 1372 1223 1485 interpreten-

256 1488 297 1573 do
316 1510 440 1603 poete
467 1508 572 1573 ante
603 1484 686 1572 bos
721 1482 984 1577 Kranaos
1011 1484 1221 1601 sequutus

226 1605 227 1614 '
256 1602 344 1691 lum:
370 1632 464 1691 non
488 1599 670 1719 quidem
693 1626 755 1691 vt·
770 1621 928 1689 ornnes
954 1624 1029 1691 uut
1051 1600 1220 1691 multos

256 1746 383 1836 poetes
406 1723 540 1813 simili
563 1717 882 1839 commentario
905 1718 1136 1807 instrudlos
1161 1718 1223 1806 el·-

256 1837 287 1922 le
306 1837 453 1939 velim3
487 1864 650 1928 verum
674 1860 727 1926 vt
744 1866 819 1925 nno
841 1836 970 1953 alt'qm
991 1837 1162 1951 extmplo
1182 1824 1224 1925 in

253 1974 427 2067 netarum
440 1952 628 2071 prinnin
640 1957 845 2067 propofito
868 1956 1075 2046 accuratae
1102 1956 1223 2043 iruer-

254 2074 456 2181 natationis
499 2072 689 2159 nonenim
712 2089 749 2159 et
777 2072 964 2182 rationem
989 2069 1149 2187 ellequi
1176 2096 1223 2160 et

257 2193 441 2279 imbibere
463 2186 627 2305 pellint
645 2192 695 2291 ii,
725 2192 888 2305 quibus
912 2189 1123 2277 institutio
1145 2192 1223 2276 bo·

260 2334 299 2391 na
315 2331 357 2396 et
373 2306 507 2395 dobba
528 2334 619 2390 non
643 2310 849 2421 contigit3
880 2334 1012 2421 quam
1036 2306 1223 2394 eandem
1244 2330 1247 2343 ·

230 2420 304 2509 .illi
329 2430 458 2513 etiam
493 2422 548 2510 ad
573 2418 684 2515 alios
715 2444 872 2538 poetas
902 2450 945 2509 et
974 2422 1223 2540 scriptores,

225 2523 240 2659 Ji
260 2542 423 2631 adhibito
441 2537 665 2629 nonnullo
684 2540 835 2627 iudicii
851 2545 1064 2645 acumine,
1085 2564 1225 2629 truns-

262 2658 382 2748 ltrant
448 2659 673 2748 Aeneidis
701 2680 849 2744 nutem
883 2656 1088 2746 leudibus
1122 2660 1223 2746 'cum

260 2781 364 2864 toties
378 2802 516 2864 aures
533 2775 802 2890 perstrepere
828 2771 1030 2882 sentiant,
1063 2802 1146 2863 nec
1164 2800 1226 2864 tn-

261 2917 346 3001 tum,
375 2893 594 3012 quidnam
621 2889 731 2979 illud
762 2891 829 2996 fit,
864 2894 985 3007 quod
1014 2898 1222 2982 carminis

263 3008 364 3100 huius
384 3011 650 3126 dignitatem
675 3031 722 3095 et
742 3011 1045 3124 praestantium
1069 3013 1226 3100 consti·-

264 3148 347 3232 tnat‚
374 3128 617 3244 diligenter
631 3125 731 3213 latis
754 3127 1007 3242 expositum
1025 3129 1226 3220 videant:

264 3239 408 3336 inbibit
422 3249 547 3332 enim
562 3239 825 3360 plerumque
841 3248 952 3331 intra
970 3243 1227 3334 exclaman-

265 3358 293 3444 li
308 3368 438 3452 verba
454 3387 505 3448 et
524 3358 933 3465 locoscommunes
952 3363 1225 3471 aestuemus,

265 3501 349 3588 quos
365 3505 603 3577 vocamus,
621 3478 767 3564 omnis
784 3475 860 3563 illa
878 3483 1227 3569 commendatio:

237 3606 238 3629 ¹
267 3621 322 3680 tos
338 3597 502 3686 habere
519 3591 651 3710 volui
674 3594 1000 3707 diligentiorem
1017 3623 1229 3713 praecep-

267 3711 401 3802 tionem
438 3715 500 3802 de
532 3715 703 3797 ratione
738 3717 965 3820 carminis,
1011 3720 1227 3802 orationis

267 3835 456 3936 poeticae,
505 3833 638 3916 cuius
664 3832 930 3945 praecipuus
957 3828 1108 3920 audior
1130 3833 1232 3926 Vir-

268 3942 367 4052 gilius
391 3949 473 4055 est,
506 3967 685 4052 natura,
722 3949 1017 4063 inprimisque
1043 3950 1097 4036 de
1123 3975 1231 4064 poe-

268 4061 543 4167 taedodlrina,
573 4089 661 4177 qun
682 4057 758 4149 ille
776 4087 941 4151 tantam
963 4064 1025 4152 lui
1048 4066 1233 4156 adrnira-

270 4179 402 4269 tionem
424 4188 552 4270 inter
572 4177 812 4295 populares
839 4183 1043 4270 obtinuit.
1126 4183 1235 4296 Qun

270 4290 371 4388 lere
405 4331 471 4392 ex
501 4297 924 4418 ¹prioriseditionis
957 4297 1235 4417 praefatione

701 4441 783 4513 az
1010 4443 1236 4534 apponere
